{"gold_per_floor":[112,123,29,29,41,41,68,86,86,121,81,81,115,143,143,143],"floor_reached":16,"playtime":995,"items_purged":[],"score":171,"play_id":"67be3396-10ff-4653-83ac-1e693221733e","local_time":"20200815195813","is_ascension_mode":true,"campfire_choices":[{"data":"Flame Barrier","floor":6,"key":"SMITH"},{"data":"Hemokinesis","floor":12,"key":"SMITH"},{"data":"Bash","floor":15,"key":"SMITH"}],"neow_cost":"NONE","seed_source_timestamp":255046098343600,"circlet_count":0,"master_deck":["Strike_R","Strike_R","Strike_R","Strike_R","Defend_R","Defend_R","Defend_R","Defend_R","Bash+1","Flame Barrier+1","Thunderclap","Hemokinesis+1","Reckless Charge","Armaments","Armaments+1","Dropkick","Dropkick","Infernal Blade+1"],"relics":["Burning Blood","Art of War","Bottled Flame","Bottled Lightning","Toxic Egg 2","Toy Ornithopter","Odd Mushroom"],"potions_floor_usage":[10,14],"damage_taken":[{"damage":1,"enemies":"Cultist","floor":1,"turns":4},{"damage":2,"enemies":"Jaw Worm","floor":2,"turns":5},{"damage":5,"enemies":"2 Louse","floor":5,"turns":3},{"damage":26,"enemies":"3 Sentries","floor":7,"turns":9},{"damage":11,"enemies":"Blue Slaver","floor":8,"turns":4},{"damage":22,"enemies":"Gremlin Nob","floor":10,"turns":4},{"damage":29,"enemies":"3 Sentries","floor":13,"turns":9},{"damage":0,"enemies":"The Mushroom Lair","floor":14,"turns":4},{"damage":22,"enemies":"The Guardian","floor":16,"turns":9}],"seed_played":"2003963397181358280","potions_obtained":[{"floor":1,"key":"SkillPotion"},{"floor":7,"key":"Block Potion"},{"floor":10,"key":"Swift Potion"},{"floor":13,"key":"SneckoOil"}],"is_trial":false,"path_per_floor":["M","M","$","?","M","R","E","M","T","E","$","R","E","?","R","B"],"character_chosen":"IRONCLAD","items_purchased":["Thunderclap","Hemokinesis","Dropkick"],"campfire_rested":0,"item_purchase_floors":[3,3,11],"current_hp_per_floor":[77,80,80,80,80,80,60,55,55,39,39,39,16,27,27,5],"gold":143,"neow_bonus":"RANDOM_COMMON_RELIC","is_prod":false,"is_daily":false,"chose_seed":false,"campfire_upgraded":3,"win_rate":0,"timestamp":1597539493,"path_taken":["M","M","$","?","M","R","E","M","T","E","?","R","E","?","R","BOSS"],"build_version":"2020-07-30","purchased_purges":0,"victory":false,"max_hp_per_floor":[80,80,80,80,80,80,80,80,80,80,80,80,80,80,80,80],"card_choices":[{"not_picked":["Shockwave","Cleave"],"picked":"Flame Barrier","floor":1},{"not_picked":["True Grit","Body Slam","Sever Soul"],"picked":"SKIP","floor":2},{"not_picked":["Wild Strike","Second Wind","Sever Soul"],"picked":"SKIP","floor":5},{"not_picked":["Headbutt","Power Through"],"picked":"Armaments","floor":7},{"not_picked":["Iron Wave","Rage","Wild Strike"],"picked":"SKIP","floor":8},{"not_picked":["Metallicize","Berserk"],"picked":"Armaments+1","floor":10},{"not_picked":["Warcry+1","Metallicize"],"picked":"Dropkick","floor":13},{"not_picked":["Dual Wield+1","Burning Pact+1"],"picked":"Infernal Blade+1","floor":14}],"player_experience":337620,"relics_obtained":[{"floor":7,"key":"Bottled Flame"},{"floor":9,"key":"Bottled Lightning"},{"floor":10,"key":"Toxic Egg 2"},{"floor":13,"key":"Toy Ornithopter"},{"floor":14,"key":"Odd Mushroom"}],"event_choices":[{"damage_healed":0,"gold_gain":0,"cards_transformed":["Strike_R"],"player_choice":"Transformed","damage_taken":0,"max_hp_gain":0,"max_hp_loss":0,"event_name":"Transmorgrifier","floor":4,"gold_loss":0,"cards_obtained":["Reckless Charge"]},{"damage_healed":0,"gold_gain":0,"player_choice":"Fought Mushrooms","damage_taken":0,"max_hp_gain":0,"max_hp_loss":0,"event_name":"Mushrooms","floor":14,"gold_loss":0}],"is_beta":false,"boss_relics":[],"items_purged_floors":[],"is_endless":false,"potions_floor_spawned":[1,7,10,13],"killed_by":"The Guardian","ascension_level":9}