{"gold_per_floor":[14,29,29,29,50,50,94,94,94,110,124,155,167,217,229,369,381,407,434,110,110,131,171,171,202,229,229,135,135,135,173,173,301,301,324,324,657,674,1673,1704,1719,1719],"floor_reached":42,"playtime":2926,"items_purged":[],"score":1000,"play_id":"82f055a1-fdb4-4cf2-9eac-6cfe8cbfaafa","local_time":"20200815193938","is_ascension_mode":true,"campfire_choices":[{"data":"Bash","floor":6,"key":"SMITH"},{"data":"Fire Breathing","floor":8,"key":"SMITH"},{"data":"Feel No Pain","floor":15,"key":"SMITH"},{"data":"Feel No Pain","floor":27,"key":"SMITH"},{"data":"Disarm","floor":29,"key":"SMITH"},{"data":"Pommel Strike","floor":32,"key":"SMITH"}],"neow_cost":"NO_GOLD","seed_source_timestamp":251999080231200,"circlet_count":0,"master_deck":["Strike_R","Strike_R","Strike_R","Strike_R","Strike_R","Defend_R","Defend_R","Defend_R","Defend_R+1","Bash+1","Metallicize","Fire Breathing+1","Injury","Power Through+1","Feel No Pain+1","Impervious","Warcry+1","Ghostly Armor+1","Feel No Pain+1","Second Wind+1","Flame Barrier+1","Shame","Reckless Charge+1","Disarm+1","Pommel Strike+1","Pain","Havoc+1","Brutality","Pummel+1","Normality","Normality"],"relics":["Burning Blood","Du-Vu Doll","NlothsMask","HornCleat","MawBank","Smiling Mask","Blue Candle","Mark of Pain","Matryoshka","Gambling Chip","Darkstone Periapt","War Paint","Boot","Regal Pillow","WarpedTongs","Strawberry","Runic Cube","Eternal Feather","Pen Nib"],"potions_floor_usage":[11,12,16,21,25,25,31,40],"damage_taken":[{"damage":14,"enemies":"Jaw Worm","floor":1,"turns":6},{"damage":3,"enemies":"Cultist","floor":2,"turns":5},{"damage":14,"enemies":"2 Louse","floor":5,"turns":4},{"damage":16,"enemies":"3 Sentries","floor":7,"turns":5},{"damage":9,"enemies":"Large Slime","floor":10,"turns":5},{"damage":8,"enemies":"Lots of Slimes","floor":11,"turns":4},{"damage":0,"enemies":"Gremlin Nob","floor":12,"turns":4},{"damage":3,"enemies":"3 Sentries","floor":14,"turns":4},{"damage":29,"enemies":"Hexaghost","floor":16,"turns":11},{"damage":4,"enemies":"Chosen","floor":18,"turns":5},{"damage":16,"enemies":"3 Byrds","floor":19,"turns":4},{"damage":18,"enemies":"Cultist and Chosen","floor":22,"turns":7},{"damage":10,"enemies":"Slavers","floor":23,"turns":7},{"damage":1,"enemies":"Book of Stabbing","floor":25,"turns":7},{"damage":19,"enemies":"Slavers","floor":31,"turns":3},{"damage":40,"enemies":"Champ","floor":33,"turns":13},{"damage":47,"enemies":"3 Shapes","floor":35,"turns":5},{"damage":5,"enemies":"3 Darklings","floor":38,"turns":6},{"damage":45,"enemies":"Nemesis","floor":40,"turns":9},{"damage":47,"enemies":"Transient","floor":41,"turns":5},{"damage":35,"enemies":"Giant Head","floor":42,"turns":9}],"seed_played":"6264171720761478346","potions_obtained":[{"floor":1,"key":"ElixirPotion"},{"floor":2,"key":"Fire Potion"},{"floor":7,"key":"ColorlessPotion"},{"floor":12,"key":"Fire Potion"},{"floor":16,"key":"Ancient Potion"},{"floor":19,"key":"Ancient Potion"},{"floor":21,"key":"BloodPotion"},{"floor":21,"key":"Regen Potion"},{"floor":21,"key":"LiquidBronze"},{"floor":25,"key":"FairyPotion"},{"floor":38,"key":"AttackPotion"}],"is_trial":false,"path_per_floor":["M","M","?","?","M","R","E","R","T","M","M","E","?","E","R","B",null,"M","M","$","?","M","E","?","E","T","R","$","R","?","E","R","B",null,"M","T","?","M","?","E","M","E"],"character_chosen":"IRONCLAD","items_purchased":["Feel No Pain","Matryoshka","Disarm","Pommel Strike"],"campfire_rested":0,"item_purchase_floors":[20,20,28,28],"current_hp_per_floor":[64,67,67,67,59,59,49,49,49,46,44,50,47,50,50,27,67,69,59,59,75,63,59,65,70,70,70,70,70,76,79,79,45,86,45,45,45,46,58,19,24,0],"gold":1719,"neow_bonus":"ONE_RARE_RELIC","is_prod":false,"is_daily":false,"chose_seed":false,"campfire_upgraded":6,"win_rate":0,"timestamp":1597538378,"path_taken":["M","M","?","?","M","R","E","R","T","?","?","E","?","E","R","BOSS","M","M","$","?","?","E","?","E","T","R","$","R","?","E","R","BOSS","M","?","?","M","?","E","M","E"],"build_version":"2020-07-30","purchased_purges":0,"victory":false,"max_hp_per_floor":[80,80,80,80,80,80,80,80,80,80,80,80,80,80,80,80,80,80,80,80,80,80,80,86,86,86,86,86,86,92,99,99,99,99,99,99,99,99,111,111,111,111],"card_choices":[{"not_picked":["Blood for Blood","Dark Embrace"],"picked":"Metallicize","floor":1},{"not_picked":["Perfected Strike","Rampage"],"picked":"Fire Breathing","floor":2},{"not_picked":["Headbutt","Blood for Blood","Warcry"],"picked":"SKIP","floor":5},{"not_picked":["Warcry","Twin Strike"],"picked":"Power Through","floor":7},{"not_picked":["Clash","Clothesline","Thunderclap"],"picked":"SKIP","floor":10},{"not_picked":["Burning Pact","Cleave","Clash"],"picked":"SKIP","floor":11},{"not_picked":["Clash","Feel No Pain","Sever Soul"],"picked":"SKIP","floor":12},{"not_picked":["Headbutt","Uppercut"],"picked":"Feel No Pain","floor":14},{"not_picked":["Brutality","Immolate"],"picked":"Impervious","floor":16},{"not_picked":["Twin Strike+1","Pommel Strike"],"picked":"Warcry+1","floor":18},{"not_picked":["Sword Boomerang","Twin Strike"],"picked":"Ghostly Armor+1","floor":19},{"not_picked":["Wild Strike","Clash+1"],"picked":"Second Wind+1","floor":22},{"not_picked":["Pummel+1","Entrench"],"picked":"Flame Barrier+1","floor":23},{"not_picked":["Thunderclap","True Grit"],"picked":"Reckless Charge+1","floor":25},{"not_picked":["Twin Strike","Armaments"],"picked":"Havoc+1","floor":31},{"not_picked":["Reaper","Corruption"],"picked":"Brutality","floor":33},{"not_picked":["Feel No Pain","Flex","Perfected Strike"],"picked":"SKIP","floor":35},{"not_picked":["Havoc","Shrug It Off"],"picked":"Pummel+1","floor":38},{"not_picked":["Dual Wield","Heavy Blade+1","Thunderclap"],"picked":"SKIP","floor":40},{"not_picked":["Cleave","Iron Wave","Demon Form"],"picked":"SKIP","floor":41}],"player_experience":334694,"relics_obtained":[{"floor":7,"key":"HornCleat"},{"floor":12,"key":"MawBank"},{"floor":14,"key":"Blue Candle"},{"floor":23,"key":"Gambling Chip"},{"floor":25,"key":"War Paint"},{"floor":26,"key":"Boot"},{"floor":26,"key":"Regal Pillow"},{"floor":31,"key":"Strawberry"},{"floor":36,"key":"Eternal Feather"},{"floor":40,"key":"Pen Nib"}],"event_choices":[{"damage_healed":0,"gold_gain":0,"player_choice":"Take Wound","damage_taken":0,"relics_obtained":["Golden Idol"],"max_hp_gain":0,"max_hp_loss":0,"event_name":"Golden Idol","floor":3,"gold_loss":0,"cards_obtained":["Injury"]},{"damage_healed":0,"gold_gain":0,"player_choice":"Trade","damage_taken":0,"relics_obtained":["NlothsMask"],"max_hp_gain":0,"max_hp_loss":0,"event_name":"FaceTrader","floor":4,"gold_loss":0},{"damage_healed":0,"gold_gain":0,"player_choice":"Success","damage_taken":3,"relics_obtained":["Smiling Mask"],"max_hp_gain":0,"max_hp_loss":0,"event_name":"Scrap Ooze","floor":13,"gold_loss":0},{"damage_healed":0,"gold_gain":0,"player_choice":"Got Potions","damage_taken":0,"max_hp_gain":0,"max_hp_loss":0,"event_name":"Lab","floor":21,"gold_loss":0},{"damage_healed":0,"gold_gain":0,"player_choice":"Stole Relic","damage_taken":0,"relics_obtained":["Darkstone Periapt"],"max_hp_gain":0,"max_hp_loss":0,"event_name":"Addict","floor":24,"gold_loss":0,"cards_obtained":["Shame"]},{"damage_healed":0,"gold_gain":0,"player_choice":"Rummage","damage_taken":0,"relics_obtained":["WarpedTongs"],"max_hp_gain":0,"max_hp_loss":0,"event_name":"Accursed Blacksmith","floor":30,"gold_loss":0,"cards_obtained":["Pain"]},{"damage_healed":0,"gold_gain":333,"player_choice":"Gave Idol","damage_taken":0,"max_hp_gain":0,"max_hp_loss":0,"event_name":"The Moai Head","floor":37,"relics_lost":["Golden Idol"],"gold_loss":0},{"damage_healed":0,"gold_gain":999,"player_choice":"Gold","damage_taken":0,"max_hp_gain":0,"max_hp_loss":0,"event_name":"MindBloom","floor":39,"gold_loss":0,"cards_obtained":["Normality","Normality"]}],"is_beta":false,"boss_relics":[{"not_picked":["Empty Cage","Philosopher\u0027s Stone"],"picked":"Mark of Pain"},{"not_picked":["SacredBark","Black Star"],"picked":"Runic Cube"}],"items_purged_floors":[],"is_endless":false,"potions_floor_spawned":[1,2,7,12,16,19,22,25,38],"killed_by":"Giant Head","ascension_level":9}