{"gold_per_floor":[12,12,25,41,53,53,82,97,97,23,23,23,23,34,34,133,133,150,150,150,60,73,73,73],"floor_reached":24,"playtime":7943,"items_purged":[],"score":284,"play_id":"29f2619a-14d9-4a76-a5e2-02a04101696c","local_time":"20200815185040","is_ascension_mode":true,"campfire_choices":[{"data":"Clothesline","floor":6,"key":"SMITH"},{"data":"Anger","floor":11,"key":"SMITH"},{"data":"True Grit","floor":13,"key":"SMITH"},{"data":"Metallicize","floor":15,"key":"SMITH"},{"floor":23,"key":"REST"}],"neow_cost":"NO_GOLD","seed_source_timestamp":244061695413300,"circlet_count":0,"master_deck":["Strike_R","Strike_R","Strike_R","Strike_R","Defend_R+1","Defend_R+1","Defend_R","Defend_R","Bash+1","Anger+1","True Grit+1","Clothesline+1","Havoc+1","Thunderclap","Disarm+1","Metallicize+1","Demon Form","Pummel"],"relics":["Burning Blood","Bird Faced Urn","Toxic Egg 2","War Paint","Mark of Pain","Nilry\u0027s Codex"],"potions_floor_usage":[16],"damage_taken":[{"damage":2,"enemies":"2 Louse","floor":1,"turns":3},{"damage":0,"enemies":"Cultist","floor":3,"turns":2},{"damage":6,"enemies":"Jaw Worm","floor":4,"turns":4},{"damage":5,"enemies":"Blue Slaver","floor":5,"turns":4},{"damage":24,"enemies":"Gremlin Nob","floor":7,"turns":4},{"damage":9,"enemies":"3 Louse","floor":8,"turns":4},{"damage":0,"enemies":"Exordium Wildlife","floor":14,"turns":2},{"damage":5,"enemies":"The Guardian","floor":16,"turns":12},{"damage":20,"enemies":"Spheric Guardian","floor":18,"turns":6},{"damage":32,"enemies":"2 Thieves","floor":21,"turns":5},{"damage":12,"enemies":"Chosen and Byrds","floor":22,"turns":7},{"damage":21,"enemies":"Slavers","floor":24,"turns":3}],"seed_played":"-3367627380160786570","potions_obtained":[{"floor":4,"key":"Ancient Potion"},{"floor":7,"key":"SpeedPotion"},{"floor":14,"key":"BlessingOfTheForge"},{"floor":16,"key":"ElixirPotion"}],"is_trial":false,"path_per_floor":["M","?","M","M","M","R","E","M","T","$","R","?","R","M","R","B",null,"M","?","?","M","M","R","E"],"character_chosen":"IRONCLAD","items_purchased":["Disarm+1"],"campfire_rested":1,"item_purchase_floors":[10],"current_hp_per_floor":[76,76,80,80,80,80,62,59,59,59,59,52,52,58,58,61,75,65,49,49,25,21,45,24],"gold":73,"neow_bonus":"ONE_RARE_RELIC","is_prod":false,"is_daily":false,"chose_seed":false,"campfire_upgraded":4,"win_rate":0,"timestamp":1597535440,"path_taken":["M","?","M","?","M","R","E","M","T","$","R","?","R","M","R","BOSS","M","?","?","M","M","R","E"],"build_version":"2020-07-30","purchased_purges":0,"victory":false,"max_hp_per_floor":[80,80,80,80,80,80,80,80,80,80,80,80,80,80,80,80,80,80,80,80,80,80,80,80],"card_choices":[{"not_picked":["Searing Blow","Dual Wield"],"picked":"Anger","floor":1},{"not_picked":["Warcry","Iron Wave"],"picked":"True Grit","floor":3},{"not_picked":["Blood for Blood","Bloodletting","Clash"],"picked":"SKIP","floor":4},{"not_picked":["Sentinel","Bloodletting"],"picked":"Clothesline","floor":5},{"not_picked":["Burning Pact+1","Heavy Blade"],"picked":"Havoc+1","floor":7},{"not_picked":["Perfected Strike","Sentinel+1"],"picked":"Thunderclap","floor":8},{"not_picked":["Twin Strike","Wild Strike"],"picked":"Metallicize","floor":14},{"not_picked":["Limit Break+1","Brutality"],"picked":"Demon Form","floor":16},{"not_picked":["Cleave","Heavy Blade"],"picked":"Pummel","floor":18},{"not_picked":["Sever Soul","Thunderclap+1","Headbutt"],"picked":"SKIP","floor":21},{"not_picked":["Clash","Wild Strike+1","Sword Boomerang"],"picked":"SKIP","floor":22}],"player_experience":326751,"relics_obtained":[{"floor":7,"key":"Toxic Egg 2"},{"floor":9,"key":"War Paint"},{"floor":19,"key":"Nilry\u0027s Codex"}],"event_choices":[{"damage_healed":0,"gold_gain":0,"player_choice":"Forge","damage_taken":0,"max_hp_gain":0,"max_hp_loss":0,"event_name":"Accursed Blacksmith","floor":2,"gold_loss":0,"cards_upgraded":["Bash"]},{"cards_removed":["Strike_R"],"damage_healed":0,"gold_gain":0,"player_choice":"Card Removal","damage_taken":7,"max_hp_gain":0,"max_hp_loss":0,"event_name":"Golden Wing","floor":12,"gold_loss":0},{"damage_healed":0,"gold_gain":0,"player_choice":"Obtained Book","damage_taken":16,"max_hp_gain":0,"max_hp_loss":0,"event_name":"Cursed Tome","floor":19,"gold_loss":0},{"damage_healed":0,"gold_gain":0,"player_choice":"Ignored","damage_taken":0,"max_hp_gain":0,"max_hp_loss":0,"event_name":"Ghosts","floor":20,"gold_loss":0}],"is_beta":false,"boss_relics":[{"not_picked":["SlaversCollar","Calling Bell"],"picked":"Mark of Pain"}],"items_purged_floors":[],"is_endless":false,"potions_floor_spawned":[4,7,14,16,22],"killed_by":"Slavers","ascension_level":9}