{"gold_per_floor":[114,38,38,38,54,54,94,110,110,110,146,216,235,259,259,389,389,409,57,71,71,71,112,112,156,156,170,193,14,38,38,38,158,158,177,197,247,268,284,317,340,379,402,402,417,441,98,119,119,119],"floor_reached":51,"playtime":3272,"items_purged":["Parasite"],"score":1167,"play_id":"9917219a-79d8-45c4-af69-0050caf8d805","local_time":"20200818121756","is_ascension_mode":true,"campfire_choices":[{"data":"Spot Weakness","floor":6.0,"key":"SMITH"},{"data":"Bash","floor":10.0,"key":"SMITH"},{"data":"Uppercut","floor":15.0,"key":"SMITH"},{"floor":24.0,"key":"REST"},{"data":"Feed","floor":32.0,"key":"SMITH"},{"data":"Sword Boomerang","floor":49.0,"key":"SMITH"}],"neow_cost":"NONE","seed_source_timestamp":484230867021100,"circlet_count":0,"master_deck":["AscendersBane","Strike_R","Strike_R","Strike_R+1","Strike_R","Strike_R","Defend_R+1","Defend_R","Defend_R","Defend_R","Bash+1","Wild Strike","Spot Weakness+1","Power Through","Shrug It Off","Cleave","Ghostly Armor","Shrug It Off","Uppercut+1","Feed+1","Pummel","Shrug It Off","Pummel","Armaments+1","Shrug It Off","Shockwave+1","Thunderclap","Sword Boomerang+1","Uppercut+1","Reaper","Anger+1","True Grit+1","Sword Boomerang+1","Sword Boomerang+1"],"special_seed":0,"relics":["Burning Blood","Golden Idol","Red Skull","Sundial","Pantograph","Philosopher\u0027s Stone","Paper Frog","White Beast Statue","Kunai","HornCleat","Potion Belt","Mummified Hand","Velvet Choker","Smiling Mask","Pen Nib","Gambling Chip","Vajra","Nunchaku","Lee\u0027s Waffle"],"potions_floor_usage":[50,50,50,50],"damage_taken":[{"damage":0.0,"enemies":"2 Louse","floor":1.0,"turns":2.0},{"damage":9.0,"enemies":"Jaw Worm","floor":5.0,"turns":4.0},{"damage":15.0,"enemies":"Lagavulin","floor":7.0,"turns":6.0},{"damage":0.0,"enemies":"Cultist","floor":8.0,"turns":3.0},{"damage":10.0,"enemies":"Gremlin Nob","floor":11.0,"turns":4.0},{"damage":3.0,"enemies":"3 Louse","floor":13.0,"turns":2.0},{"damage":0.0,"enemies":"Blue Slaver","floor":14.0,"turns":3.0},{"damage":43.0,"enemies":"Hexaghost","floor":16.0,"turns":11.0},{"damage":50.0,"enemies":"3 Byrds","floor":18.0,"turns":7.0},{"damage":0.0,"enemies":"Spheric Guardian","floor":20.0,"turns":2.0},{"damage":26.0,"enemies":"Slavers","floor":23.0,"turns":5.0},{"damage":20.0,"enemies":"Gremlin Leader","floor":25.0,"turns":3.0},{"damage":7.0,"enemies":"Snake Plant","floor":27.0,"turns":4.0},{"damage":15.0,"enemies":"Centurion and Healer","floor":28.0,"turns":4.0},{"damage":0.0,"enemies":"3 Cultists","floor":30.0,"turns":4.0},{"damage":84.0,"enemies":"Collector","floor":33.0,"turns":10.0},{"damage":26.0,"enemies":"3 Darklings","floor":35.0,"turns":8.0},{"damage":0.0,"enemies":"3 Shapes","floor":36.0,"turns":3.0},{"damage":12.0,"enemies":"3 Darklings","floor":38.0,"turns":6.0},{"damage":10.0,"enemies":"Writhing Mass","floor":39.0,"turns":5.0},{"damage":50.0,"enemies":"Reptomancer","floor":40.0,"turns":6.0},{"damage":27.0,"enemies":"4 Shapes","floor":41.0,"turns":5.0},{"damage":19.0,"enemies":"Giant Head","floor":42.0,"turns":7.0},{"damage":10.0,"enemies":"Maw","floor":45.0,"turns":8.0},{"damage":1.0,"enemies":"Spire Growth","floor":46.0,"turns":3.0},{"damage":20.0,"enemies":"Transient","floor":48.0,"turns":5.0},{"damage":59,"enemies":"Time Eater","floor":50,"turns":7}],"seed_played":"-3549069627041534684","potions_obtained":[{"floor":1.0,"key":"SneckoOil"},{"floor":7.0,"key":"EntropicBrew"},{"floor":8.0,"key":"FairyPotion"},{"floor":14.0,"key":"SkillPotion"},{"floor":25.0,"key":"Block Potion"},{"floor":27.0,"key":"DuplicationPotion"},{"floor":28.0,"key":"Strength Potion"},{"floor":30.0,"key":"SkillPotion"},{"floor":33.0,"key":"SpeedPotion"},{"floor":35.0,"key":"FearPotion"},{"floor":36.0,"key":"Ancient Potion"},{"floor":38.0,"key":"BlessingOfTheForge"},{"floor":39.0,"key":"SneckoOil"},{"floor":40.0,"key":"LiquidMemories"},{"floor":41.0,"key":"Strength Potion"},{"floor":42.0,"key":"SpeedPotion"},{"floor":45.0,"key":"SkillPotion"},{"floor":46.0,"key":"BlessingOfTheForge"},{"floor":48.0,"key":"SteroidPotion"}],"is_trial":false,"path_per_floor":["M","$","?","?","M","R","E","M","T","R","E","?","M","M","R","B",null,"M","$","M","$","?","E","R","E","T","M","M","$","M","?","R","B",null,"M","M","T","M","M","E","M","E","T","?","M","M","$","M","R","B",null],"character_chosen":"IRONCLAD","items_purchased":["Spot Weakness","Shrug It Off","Paper Frog","Pummel","Sword Boomerang","Potion Belt","Nunchaku","Lee\u0027s Waffle"],"campfire_rested":1,"item_purchase_floors":[2,19,19,19,29,29,47,47],"current_hp_per_floor":[86,86,64,46,43,43,34,40,40,40,36,36,39,45,45,33,74,33,33,42,42,42,22,50,39,39,41,32,32,38,38,38,36,84,81,100,100,100,96,56,39,45,45,45,51,56,112,98,98,78],"gold":119,"neow_bonus":"TEN_PERCENT_HP_BONUS","is_prod":false,"is_daily":false,"chose_seed":false,"campfire_upgraded":5,"win_rate":0,"timestamp":1597771076,"path_taken":["M","$","?","?","M","R","E","M","T","R","E","?","?","M","R","BOSS","M","?","M","$","?","E","R","E","T","M","M","$","M","?","R","BOSS","M","M","?","M","M","E","M","E","T","?","M","M","$","M","R","BOSS"],"build_version":"2020-07-30","purchased_purges":1,"victory":true,"max_hp_per_floor":[88,88,88,88,88,88,88,88,88,88,88,88,88,88,88,88,88,91,91,94,94,94,94,94,97,97,100,100,100,100,100,100,100,100,100,100,100,100,100,100,104,108,108,108,108,108,112,112,112,112],"card_choices":[{"not_picked":["Infernal Blade","Intimidate"],"picked":"Wild Strike","floor":1.0},{"not_picked":["Searing Blow","Anger"],"picked":"Power Through","floor":5.0},{"not_picked":["Shockwave","Clash"],"picked":"Shrug It Off","floor":7.0},{"not_picked":["True Grit","Searing Blow"],"picked":"Cleave","floor":8.0},{"not_picked":["Armaments","Warcry"],"picked":"Ghostly Armor","floor":11.0},{"not_picked":["Berserk","Rampage"],"picked":"Shrug It Off","floor":13.0},{"not_picked":["Rupture","Clash"],"picked":"Uppercut","floor":14.0},{"not_picked":["Berserk","Double Tap"],"picked":"Feed","floor":16.0},{"not_picked":["Carnage","Flame Barrier"],"picked":"Pummel","floor":18.0},{"not_picked":["Headbutt","Cleave"],"picked":"Armaments+1","floor":20.0},{"not_picked":["Sentinel","Flex","Clash"],"picked":"SKIP","floor":23.0},{"not_picked":["Bloodletting","Cleave"],"picked":"Shrug It Off","floor":25.0},{"not_picked":["Armaments","Rupture+1"],"picked":"Shockwave+1","floor":27.0},{"not_picked":["Sentinel","Iron Wave"],"picked":"Thunderclap","floor":28.0},{"not_picked":["Pommel Strike+1","Second Wind"],"picked":"Uppercut+1","floor":30.0},{"not_picked":["Immolate","Impervious"],"picked":"Reaper","floor":33.0},{"not_picked":["Dark Embrace","Bloodletting"],"picked":"Anger+1","floor":35.0},{"not_picked":["Carnage+1","Intimidate","Dark Embrace+1"],"picked":"SKIP","floor":36.0},{"not_picked":["Rupture","Wild Strike+1","Perfected Strike+1"],"picked":"SKIP","floor":38.0},{"not_picked":["Cleave","Hemokinesis","Clothesline+1"],"picked":"SKIP","floor":39.0},{"not_picked":["Battle Trance","Juggernaut","Bloodletting+1"],"picked":"SKIP","floor":40.0},{"not_picked":["Clothesline","Perfected Strike+1","Wild Strike"],"picked":"SKIP","floor":41.0},{"not_picked":["Hemokinesis+1","Perfected Strike+1"],"picked":"True Grit+1","floor":42.0},{"not_picked":["Uppercut","Warcry+1"],"picked":"Sword Boomerang+1","floor":45.0},{"not_picked":["Second Wind+1","Clothesline+1","Perfected Strike+1"],"picked":"SKIP","floor":46.0},{"not_picked":["Bludgeon","Perfected Strike+1"],"picked":"Sword Boomerang+1","floor":48.0}],"player_experience":355875,"relics_obtained":[{"floor":7.0,"key":"Red Skull"},{"floor":9.0,"key":"Sundial"},{"floor":11.0,"key":"Pantograph"},{"floor":23.0,"key":"White Beast Statue"},{"floor":25.0,"key":"Kunai"},{"floor":26.0,"key":"HornCleat"},{"floor":31.0,"key":"Mummified Hand"},{"floor":37.0,"key":"Smiling Mask"},{"floor":40.0,"key":"Pen Nib"},{"floor":42.0,"key":"Gambling Chip"},{"floor":43.0,"key":"Vajra"}],"event_choices":[{"damage_healed":0.0,"max_hp_gain":0.0,"max_hp_loss":0.0,"gold_gain":0.0,"event_name":"Golden Idol","player_choice":"Take Damage","floor":3.0,"gold_loss":0.0,"damage_taken":22.0,"relics_obtained":["Golden Idol"]},{"damage_healed":0.0,"max_hp_gain":0.0,"max_hp_loss":0.0,"gold_gain":0.0,"event_name":"Shining Light","player_choice":"Entered Light","floor":4.0,"gold_loss":0.0,"damage_taken":18.0,"cards_upgraded":["Strike_R","Defend_R"]},{"damage_healed":0.0,"max_hp_gain":0.0,"max_hp_loss":0.0,"gold_gain":70.0,"event_name":"Golden Wing","player_choice":"Gained Gold","floor":12.0,"gold_loss":0.0,"damage_taken":0.0},{"damage_healed":0.0,"max_hp_gain":0.0,"max_hp_loss":0.0,"gold_gain":0.0,"event_name":"Ghosts","player_choice":"Ignored","floor":22.0,"gold_loss":0.0,"damage_taken":0.0},{"damage_healed":0.0,"max_hp_gain":0.0,"max_hp_loss":0.0,"gold_gain":0.0,"event_name":"Wheel of Change","player_choice":"Relic","floor":31.0,"gold_loss":0.0,"damage_taken":0.0},{"damage_healed":0.0,"max_hp_gain":0.0,"max_hp_loss":0.0,"gold_gain":0.0,"event_name":"SensoryStone","player_choice":"Memory 1","floor":44.0,"gold_loss":0.0,"damage_taken":0.0}],"is_beta":false,"boss_relics":[{"not_picked":["Ectoplasm","Black Star"],"picked":"Philosopher\u0027s Stone"},{"not_picked":["Runic Dome","Astrolabe"],"picked":"Velvet Choker"}],"items_purged_floors":[47],"is_endless":false,"potions_floor_spawned":[1,7,8,14,20,25,27,28,30,33,35,36,38,39,40,41,42,45,46,48],"ascension_level":10}