{"gold_per_floor":[113,130,4,179,179,207,224,224,224,251,17,48,48,63,63,165,165,182,214,59,59,77,106,28,55,79,106,121,121,138,150,150,248,248,263,278,75,85,99,126,126,152,152,152,374,374,390,419,431,443],"floor_reached":51,"playtime":2668,"items_purged":["Strike_R","Anger+1"],"score":1254,"play_id":"6ef6335b-c0e1-4402-8e16-ed79208dac2e","local_time":"20200815224112","is_ascension_mode":true,"campfire_choices":[{"data":"Uppercut","floor":8.0,"key":"SMITH"},{"data":"1","floor":15.0,"key":"LIFT"},{"data":"2","floor":29,"key":"LIFT"},{"data":"3","floor":32,"key":"LIFT"},{"floor":41,"key":"RECALL"},{"floor":44,"key":"REST"},{"floor":49,"key":"REST"}],"neow_cost":"NONE","seed_source_timestamp":0,"circlet_count":0,"master_deck":["Strike_R","Strike_R","Strike_R","Strike_R","Defend_R","Defend_R","Defend_R","Defend_R","Bash","Uppercut+1","Immolate","Flame Barrier","Thunderclap","Sword Boomerang","Ghostly Armor","Shockwave","Sword Boomerang+1","Demon Form","Thinking Ahead","RitualDagger","Uppercut+1","Offering","Seeing Red+1","Hemokinesis+1","Shrug It Off","Whirlwind+1","Clothesline+1","Power Through+1","Shrug It Off+1","Sword Boomerang+1","Reaper","Uppercut","Heavy Blade"],"special_seed":0,"relics":["Burning Blood","HornCleat","MealTicket","Pantograph","Membership Card","Girya","Fusion Hammer","Red Mask","Whetstone","Bottled Flame","Akabeko","Prayer Wheel","Blood Vial","InkBottle","Snecko Eye","Happy Flower","ClockworkSouvenir","Bottled Tornado","White Beast Statue","Mummified Hand","MawBank"],"potions_floor_usage":[36,50,50,50],"damage_taken":[{"damage":9.0,"enemies":"Jaw Worm","floor":1.0,"turns":6.0},{"damage":4.0,"enemies":"Small Slimes","floor":2.0,"turns":5.0},{"damage":24.0,"enemies":"Lagavulin","floor":6.0,"turns":5.0},{"damage":0.0,"enemies":"Cultist","floor":7.0,"turns":3.0},{"damage":6.0,"enemies":"3 Sentries","floor":10.0,"turns":5.0},{"damage":24.0,"enemies":"Lagavulin","floor":12.0,"turns":6.0},{"damage":9.0,"enemies":"Blue Slaver","floor":14.0,"turns":4.0},{"damage":38.0,"enemies":"Slime Boss","floor":16.0,"turns":8.0},{"damage":4.0,"enemies":"Shell Parasite","floor":18.0,"turns":4.0},{"damage":0.0,"enemies":"Masked Bandits","floor":19.0,"turns":2.0},{"damage":0.0,"enemies":"3 Byrds","floor":22.0,"turns":3.0},{"damage":37.0,"enemies":"Book of Stabbing","floor":23.0,"turns":5.0},{"damage":14.0,"enemies":"Slavers","floor":25.0,"turns":4.0},{"damage":17.0,"enemies":"Book of Stabbing","floor":27.0,"turns":4.0},{"damage":7,"enemies":"Centurion and Healer","floor":28,"turns":2},{"damage":8,"enemies":"Sentry and Sphere","floor":30,"turns":2},{"damage":0,"enemies":"Snake Plant","floor":31,"turns":3},{"damage":9,"enemies":"Collector","floor":33,"turns":6},{"damage":0,"enemies":"3 Shapes","floor":35,"turns":1},{"damage":8,"enemies":"3 Darklings","floor":36,"turns":3},{"damage":21,"enemies":"Writhing Mass","floor":38,"turns":4},{"damage":0,"enemies":"Jaw Worm Horde","floor":39,"turns":2},{"damage":12,"enemies":"Giant Head","floor":40,"turns":6},{"damage":11,"enemies":"Nemesis","floor":42,"turns":3},{"damage":2,"enemies":"3 Darklings","floor":47,"turns":2},{"damage":2,"enemies":"Giant Head","floor":48,"turns":4},{"damage":64,"enemies":"Awakened One","floor":50,"turns":8}],"seed_played":"-1944365101355762526","potions_obtained":[{"floor":0.0,"key":"Dexterity Potion"},{"floor":0.0,"key":"Fire Potion"},{"floor":0.0,"key":"PowerPotion"},{"floor":10.0,"key":"AttackPotion"},{"floor":14.0,"key":"SteroidPotion"},{"floor":18.0,"key":"Regen Potion"},{"floor":23.0,"key":"ColorlessPotion"},{"floor":30,"key":"SteroidPotion"},{"floor":33,"key":"Regen Potion"},{"floor":35,"key":"Fire Potion"},{"floor":36,"key":"GamblersBrew"},{"floor":48,"key":"PowerPotion"}],"is_trial":false,"path_per_floor":["M","M","$","?","?","E","M","R","T","E","$","E","?","M","R","B",null,"M","?","$","?","M","E","$","E","T","E","M","R","M","M","R","B",null,"M","M","$","M","M","E","R","E","T","R","?","?","M","E","R","B",null],"character_chosen":"IRONCLAD","items_purchased":["Flame Barrier","Thunderclap","Membership Card","Shockwave","Whetstone","Thinking Ahead","Akabeko","Happy Flower","ClockworkSouvenir"],"campfire_rested":2,"item_purchase_floors":[3,3,11,11,20,20,24,37,37],"current_hp_per_floor":[69,71,71,71,71,53,59,59,59,59,74,56,48,45,45,38,70,72,78,80,74,80,49,64,68,68,59,60,60,60,68,68,77,79,80,78,80,65,73,69,69,66,66,80,80,76,76,76,76,36],"gold":455,"neow_bonus":"THREE_SMALL_POTIONS","is_prod":false,"is_daily":false,"chose_seed":false,"campfire_upgraded":1,"win_rate":0,"timestamp":1597549272,"path_taken":["M","M","$","?","?","E","M","R","T","E","$","E","?","?","R","BOSS","M","?","$","?","M","E","$","E","T","E","M","R","M","M","R","BOSS","M","M","$","M","M","E","R","E","T","R","?","?","M","E","R","BOSS"],"build_version":"2020-07-30","purchased_purges":2,"victory":true,"max_hp_per_floor":[80,80,80,80,80,80,80,80,80,80,80,80,80,80,80,80,80,80,80,80,80,80,80,80,80,80,80,80,80,80,80,80,80,80,80,80,80,80,80,80,80,80,80,80,80,76,76,76,76,76],"card_choices":[{"not_picked":["Wild Strike","Havoc"],"picked":"Uppercut","floor":1.0},{"not_picked":["Heavy Blade","Warcry"],"picked":"Immolate","floor":2.0},{"not_picked":["Flex","Bloodletting"],"picked":"Sword Boomerang","floor":6.0},{"not_picked":["Combust","Wild Strike"],"picked":"Anger","floor":7.0},{"not_picked":["Clothesline","Corruption"],"picked":"Ghostly Armor","floor":10.0},{"not_picked":["Iron Wave","Clothesline","Havoc"],"picked":"SKIP","floor":12.0},{"not_picked":["Warcry","Clash"],"picked":"Sword Boomerang","floor":14.0},{"not_picked":["Bludgeon","Berserk"],"picked":"Demon Form","floor":16.0},{"not_picked":["Iron Wave+1","Carnage","Twin Strike+1"],"picked":"SKIP","floor":18.0},{"not_picked":["Evolve","Clash"],"picked":"Uppercut+1","floor":22.0},{"not_picked":["Perfected Strike","Twin Strike","Combust"],"picked":"SKIP","floor":23.0},{"not_picked":["Fire Breathing","Flex"],"picked":"Offering","floor":25.0},{"not_picked":["Whirlwind","Pommel Strike"],"picked":"Seeing Red+1","floor":27},{"not_picked":["Intimidate","Warcry"],"picked":"Hemokinesis+1","floor":28},{"not_picked":["Iron Wave","Pommel Strike"],"picked":"Shrug It Off","floor":28},{"not_picked":["Sentinel","Combust"],"picked":"Whirlwind+1","floor":30},{"not_picked":["Pommel Strike","Anger","Flex"],"picked":"SKIP","floor":30},{"not_picked":["Headbutt","Clothesline+1","True Grit"],"picked":"SKIP","floor":31},{"not_picked":["Rupture","Wild Strike","Anger"],"picked":"SKIP","floor":31},{"not_picked":["Entrench","Disarm+1"],"picked":"Clothesline+1","floor":35},{"not_picked":["Thunderclap","Havoc"],"picked":"Power Through+1","floor":35},{"not_picked":["Reckless Charge+1","Blood for Blood","True Grit+1"],"picked":"SKIP","floor":36},{"not_picked":["Headbutt+1","Entrench+1","True Grit+1"],"picked":"SKIP","floor":36},{"not_picked":["Heavy Blade","Warcry+1"],"picked":"Shrug It Off+1","floor":38},{"not_picked":["Body Slam","Carnage"],"picked":"Sword Boomerang+1","floor":38},{"not_picked":["Bloodletting+1","Second Wind","Infernal Blade"],"picked":"SKIP","floor":39},{"not_picked":["Rampage+1","True Grit+1","Feed"],"picked":"SKIP","floor":39},{"not_picked":["Headbutt+1","Combust+1"],"picked":"Reaper","floor":40},{"not_picked":["Combust+1","Inflame","Infernal Blade+1"],"picked":"SKIP","floor":42},{"not_picked":["Heavy Blade","Body Slam+1"],"picked":"Uppercut","floor":47},{"not_picked":["Shrug It Off","Clothesline"],"picked":"Heavy Blade","floor":47},{"not_picked":["Perfected Strike","Bloodletting","Double Tap"],"picked":"SKIP","floor":48}],"player_experience":338615,"relics_obtained":[{"floor":6.0,"key":"HornCleat"},{"floor":9.0,"key":"MealTicket"},{"floor":10.0,"key":"Pantograph"},{"floor":12.0,"key":"Girya"},{"floor":19.0,"key":"Red Mask"},{"floor":23.0,"key":"Bottled Flame"},{"floor":25.0,"key":"Prayer Wheel"},{"floor":26.0,"key":"Blood Vial"},{"floor":27,"key":"InkBottle"},{"floor":40,"key":"Bottled Tornado"},{"floor":42,"key":"White Beast Statue"},{"floor":43,"key":"Mummified Hand"},{"floor":48,"key":"MawBank"}],"event_choices":[{"damage_healed":0.0,"max_hp_gain":0.0,"max_hp_loss":0.0,"gold_gain":175.0,"event_name":"Liars Game","player_choice":"AGREE","floor":4.0,"gold_loss":0.0,"damage_taken":0.0,"cards_obtained":["Doubt"]},{"cards_removed":["Doubt"],"damage_healed":0.0,"max_hp_gain":0.0,"max_hp_loss":0.0,"gold_gain":0.0,"event_name":"Living Wall","player_choice":"Forget","floor":5.0,"gold_loss":0.0,"damage_taken":0.0},{"damage_healed":0.0,"max_hp_gain":0.0,"max_hp_loss":0.0,"gold_gain":0.0,"event_name":"Wheel of Change","player_choice":"Damaged","floor":13.0,"gold_loss":0.0,"damage_taken":8.0},{"damage_healed":0.0,"max_hp_gain":0.0,"max_hp_loss":0.0,"gold_gain":0.0,"event_name":"Masked Bandits","player_choice":"Fought Bandits","floor":19.0,"gold_loss":0.0,"damage_taken":0.0},{"damage_healed":0.0,"max_hp_gain":0.0,"max_hp_loss":0.0,"gold_gain":0.0,"event_name":"Nest","player_choice":"Joined the Cult","floor":21.0,"gold_loss":0.0,"damage_taken":6.0,"cards_obtained":["RitualDagger"]},{"damage_healed":0,"gold_gain":222,"player_choice":"Wore Mask","damage_taken":0,"max_hp_gain":0,"max_hp_loss":0,"event_name":"Tomb of Lord Red Mask","floor":45,"gold_loss":0},{"damage_healed":0,"gold_gain":0,"player_choice":"Max HP","damage_taken":0,"max_hp_gain":0,"max_hp_loss":4,"event_name":"Winding Halls","floor":46,"gold_loss":0}],"is_beta":false,"boss_relics":[{"not_picked":["Astrolabe","Black Star"],"picked":"Fusion Hammer"},{"not_picked":["Philosopher\u0027s Stone","Busted Crown"],"picked":"Snecko Eye"}],"items_purged_floors":[11,37],"is_endless":false,"potions_floor_spawned":[2,10,14,18,23,30,33,35,36,42,47,48],"ascension_level":9}