{"gold_per_floor":[212,230,230,242,16,16,48,48,48,65,78,95,122,134,134,212,212,222,152,164,181,194,226,226,151,151,177,102,129,129,140,140,214,214,224,42,58,83,38,38,71,71,71,71,91,110,110,136,136,136,136,136,2,36,36],"floor_reached":55,"playtime":2773,"items_purged":["Strike_R","Strike_R"],"score":1401,"play_id":"c3f836f6-de0d-4d5f-a9c2-43e14d6a105d","local_time":"20200831233657","is_ascension_mode":true,"campfire_choices":[{"data":"Armaments","floor":6.0,"key":"SMITH"},{"data":"Immolate","floor":8,"key":"SMITH"},{"data":"Feed","floor":15,"key":"SMITH"},{"data":"Inflame","floor":24,"key":"SMITH"},{"data":"Inflame","floor":32,"key":"SMITH"},{"data":"1","floor":40,"key":"LIFT"},{"data":"2","floor":42,"key":"LIFT"},{"data":"3","floor":44,"key":"LIFT"},{"floor":49,"key":"RECALL"},{"data":"Sword Boomerang","floor":52,"key":"SMITH"}],"neow_cost":"NONE","seed_source_timestamp":0,"circlet_count":0,"master_deck":["AscendersBane","Strike_R","Strike_R","Defend_R","Defend_R","Defend_R","Defend_R","Bash","Armaments+1","Whirlwind+1","Ghostly Armor","Immolate+1","Inflame+1","Anger","Shrug It Off","Feed+1","Reaper","Sword Boomerang+1","Inflame+1","Rampage","Disarm","Reaper","Flame Barrier","Disarm","Sword Boomerang","Shame","Power Through"],"special_seed":0,"relics":["Burning Blood","Mummified Hand","Gremlin Horn","Vajra","Busted Crown","Boot","Self Forming Clay","Pen Nib","Potion Belt","Cursed Key","Girya","Blood Vial","Smiling Mask","Happy Flower"],"potions_floor_usage":[7,16,20,23,27,33,33,41,46,50,55,55],"damage_taken":[{"damage":10.0,"enemies":"2 Louse","floor":1.0,"turns":3.0},{"damage":4.0,"enemies":"Small Slimes","floor":2.0,"turns":5.0},{"damage":1.0,"enemies":"Cultist","floor":4.0,"turns":3.0},{"damage":0,"enemies":"3 Sentries","floor":7,"turns":3},{"damage":7,"enemies":"Looter","floor":10,"turns":3},{"damage":0,"enemies":"Large Slime","floor":11,"turns":3},{"damage":0,"enemies":"2 Fungi Beasts","floor":12,"turns":2},{"damage":13,"enemies":"Gremlin Nob","floor":13,"turns":4},{"damage":10,"enemies":"Looter","floor":14,"turns":4},{"damage":36,"enemies":"The Guardian","floor":16,"turns":11},{"damage":0,"enemies":"Chosen","floor":18,"turns":4},{"damage":6,"enemies":"2 Thieves","floor":20,"turns":3},{"damage":2,"enemies":"Chosen and Byrds","floor":21,"turns":4},{"damage":32,"enemies":"Centurion and Healer","floor":22,"turns":4},{"damage":39,"enemies":"Book of Stabbing","floor":23,"turns":4},{"damage":9,"enemies":"Gremlin Leader","floor":27,"turns":6},{"damage":37,"enemies":"Slavers","floor":29,"turns":5},{"damage":12,"enemies":"Cultist and Chosen","floor":31,"turns":4},{"damage":44,"enemies":"Automaton","floor":33,"turns":7},{"damage":36,"enemies":"3 Darklings","floor":35,"turns":2},{"damage":0,"enemies":"3 Shapes","floor":37,"turns":1},{"damage":0,"enemies":"Mind Bloom Boss Battle","floor":38,"turns":5},{"damage":53,"enemies":"Nemesis","floor":41,"turns":9},{"damage":13,"enemies":"Writhing Mass","floor":45,"turns":4},{"damage":30,"enemies":"Spire Growth","floor":46,"turns":4},{"damage":15,"enemies":"Reptomancer","floor":48,"turns":5},{"damage":122,"enemies":"Time Eater","floor":50,"turns":9},{"damage":30,"enemies":"Shield and Spear","floor":54,"turns":5},{"damage":128,"enemies":"The Heart","floor":55,"turns":6}],"seed_played":"-8476903229926055282","potions_obtained":[{"floor":2.0,"key":"SkillPotion"},{"floor":10,"key":"SpeedPotion"},{"floor":11,"key":"SmokeBomb"},{"floor":13,"key":"Weak Potion"},{"floor":16,"key":"Explosive Potion"},{"floor":20,"key":"SteroidPotion"},{"floor":23,"key":"SteroidPotion"},{"floor":29,"key":"Fruit Juice"},{"floor":30,"key":"GamblersBrew"},{"floor":30,"key":"SneckoOil"},{"floor":33,"key":"Strength Potion"},{"floor":37,"key":"Regen Potion"},{"floor":41,"key":"SkillPotion"},{"floor":46,"key":"Weak Potion"}],"is_trial":false,"path_per_floor":["M","M","?","M","$","R","E","R","T","M","M","M","E","M","R","B",null,"M","$","M","M","M","E","R","?","T","E","$","E","?","M","R","B",null,"M","$","M","?","$","R","E","R","T","R","M","M","?","E","R","B",null,"R","$","E","B"],"character_chosen":"IRONCLAD","items_purchased":["Immolate","Inflame","Inflame","Disarm","Sword Boomerang","Power Through","Energy Potion","Energy Potion"],"campfire_rested":0,"item_purchase_floors":[5,5,19,36,39,53,53,53],"current_hp_per_floor":[64,66,66,71,71,71,75,75,75,74,75,75,68,67,67,41,72,86,86,90,94,75,57,57,57,57,69,69,62,62,72,72,60,95,65,65,81,110,110,110,91,91,91,91,86,95,95,119,119,52,102,102,102,93,0],"gold":36,"neow_bonus":"HUNDRED_GOLD","is_prod":false,"is_daily":false,"chose_seed":false,"campfire_upgraded":6,"win_rate":0,"timestamp":1598935017,"path_taken":["M","M","?","M","$","R","E","R","T","M","M","M","E","M","R","BOSS","M","$","M","M","M","E","R","?","T","E","$","E","?","M","R","BOSS","M","?","M","?","$","R","E","R","T","R","M","M","?","E","R","BOSS","R","$","E","BOSS"],"build_version":"2020-07-30","purchased_purges":2,"victory":false,"max_hp_per_floor":[75,75,75,75,75,75,75,75,75,75,75,75,75,78,78,82,82,86,86,90,94,98,98,98,98,98,98,98,102,102,106,106,106,106,106,106,106,110,110,110,114,114,114,114,114,119,119,119,119,119,119,119,119,119,119],"card_choices":[{"not_picked":["Iron Wave","Warcry"],"picked":"Armaments","floor":1.0},{"not_picked":["Evolve","Iron Wave"],"picked":"Whirlwind","floor":2.0},{"not_picked":["Twin Strike","Evolve"],"picked":"Ghostly Armor","floor":4.0},{"not_picked":["Exhume","Body Slam","Rupture"],"picked":"SKIP","floor":7},{"not_picked":["Havoc","Flex"],"picked":"Anger","floor":10},{"not_picked":["Clothesline","Sword Boomerang"],"picked":"Shrug It Off","floor":11},{"not_picked":["Iron Wave","Pommel Strike","Clash"],"picked":"SKIP","floor":12},{"not_picked":["Reckless Charge","Searing Blow"],"picked":"Feed","floor":13},{"not_picked":["Flex","Wild Strike","Evolve"],"picked":"SKIP","floor":14},{"not_picked":["Berserk","Offering"],"picked":"Reaper","floor":16},{"not_picked":[],"picked":"Sword Boomerang","floor":18},{"not_picked":[],"picked":"Rampage","floor":20},{"not_picked":["Bloodletting"],"picked":"SKIP","floor":21},{"not_picked":["Iron Wave"],"picked":"SKIP","floor":22},{"not_picked":[],"picked":"Disarm","floor":23},{"not_picked":["Evolve"],"picked":"SKIP","floor":27},{"not_picked":["Bludgeon"],"picked":"SKIP","floor":29},{"not_picked":["Fire Breathing+1"],"picked":"SKIP","floor":31},{"not_picked":[],"picked":"Reaper","floor":33},{"not_picked":[],"picked":"Flame Barrier","floor":35},{"not_picked":["Clothesline+1"],"picked":"SKIP","floor":37},{"not_picked":["Thunderclap+1"],"picked":"SKIP","floor":41},{"not_picked":["Thunderclap"],"picked":"SKIP","floor":45},{"not_picked":["Dropkick"],"picked":"SKIP","floor":46},{"not_picked":["Armaments"],"picked":"SKIP","floor":48},{"not_picked":["Clash"],"picked":"SKIP","floor":54}],"player_experience":463479,"relics_obtained":[{"floor":7,"key":"Mummified Hand"},{"floor":9,"key":"Gremlin Horn"},{"floor":13,"key":"Vajra"},{"floor":23,"key":"Boot"},{"floor":26,"key":"Self Forming Clay"},{"floor":27,"key":"Pen Nib"},{"floor":29,"key":"Potion Belt"},{"floor":38,"key":"Girya"},{"floor":41,"key":"Blood Vial"},{"floor":48,"key":"Smiling Mask"},{"floor":54,"key":"Happy Flower"}],"event_choices":[{"damage_healed":0.0,"max_hp_gain":0.0,"max_hp_loss":0.0,"gold_gain":0.0,"event_name":"Living Wall","player_choice":"Grow","floor":3.0,"gold_loss":0.0,"damage_taken":0.0,"cards_upgraded":["Whirlwind"]},{"cards_removed":["Strike_R"],"damage_healed":0,"gold_gain":0,"player_choice":"Gave Gold","damage_taken":0,"max_hp_gain":0,"max_hp_loss":0,"event_name":"Beggar","floor":25,"gold_loss":75},{"damage_healed":0,"gold_gain":0,"player_choice":"Got Potions","damage_taken":0,"max_hp_gain":0,"max_hp_loss":0,"event_name":"Lab","floor":30,"gold_loss":0},{"damage_healed":0,"gold_gain":0,"player_choice":"Fight","damage_taken":0,"max_hp_gain":0,"max_hp_loss":0,"event_name":"MindBloom","floor":38,"gold_loss":0},{"damage_healed":0,"gold_gain":0,"player_choice":"Memory 1","damage_taken":0,"max_hp_gain":0,"max_hp_loss":0,"event_name":"SensoryStone","floor":47,"gold_loss":0}],"is_beta":false,"boss_relics":[{"not_picked":["Astrolabe","Black Star"],"picked":"Busted Crown"},{"not_picked":["Runic Dome","Pandora\u0027s Box"],"picked":"Cursed Key"}],"items_purged_floors":[28,36],"is_endless":false,"potions_floor_spawned":[2,10,11,13,16,20,23,29,33,37,41,46,54],"killed_by":"The Heart","ascension_level":15}