{"gold_per_floor":[117,117,137,237,254,254,286,286,286,304,87,98,98,131,131,208,208,118,118,118,118,118,118,118,118,118,118,118,118,118,118,118,118],"floor_reached":33,"playtime":2444,"items_purged":[],"score":643,"play_id":"1749e749-ba31-40f9-a075-e0dd336727b8","local_time":"20200823163026","is_ascension_mode":true,"campfire_choices":[{"data":"Carnage","floor":6.0,"key":"SMITH"},{"data":"Feed","floor":8.0,"key":"SMITH"},{"data":"Disarm","floor":13.0,"key":"SMITH"},{"data":"Flame Barrier","floor":15.0,"key":"SMITH"},{"floor":24,"key":"REST"},{"data":"Feed","floor":32,"key":"SMITH"}],"neow_cost":"NONE","seed_source_timestamp":932326874160700,"circlet_count":0,"master_deck":["AscendersBane","Strike_R+1","Strike_R","Strike_R+1","Strike_R","Strike_R+1","Defend_R","Defend_R","Defend_R","Defend_R","Bash+1","Disarm+1","Flame Barrier+1","Carnage+1","Feed+1","Impervious","True Grit","True Grit","Feed+1","Shrug It Off","Flame Barrier","Armaments","Spot Weakness","Flame Barrier+1","Flame Barrier+1"],"special_seed":0,"relics":["Burning Blood","Self Forming Clay","Ancient Tea Set","Oddly Smooth Stone","Magic Flower","Ectoplasm","Happy Flower","Shuriken","Whetstone","Tiny Chest","Lantern"],"potions_floor_usage":[28,30,33],"damage_taken":[{"damage":0.0,"enemies":"2 Louse","floor":1.0,"turns":3.0},{"damage":6.0,"enemies":"Cultist","floor":3.0,"turns":3.0},{"damage":7.0,"enemies":"Jaw Worm","floor":5.0,"turns":5.0},{"damage":23.0,"enemies":"3 Sentries","floor":7.0,"turns":7.0},{"damage":13.0,"enemies":"Blue Slaver","floor":10.0,"turns":2.0},{"damage":0.0,"enemies":"2 Fungi Beasts","floor":12.0,"turns":3.0},{"damage":0.0,"enemies":"Gremlin Nob","floor":14.0,"turns":3.0},{"damage":65.0,"enemies":"Hexaghost","floor":16.0,"turns":18.0},{"damage":31.0,"enemies":"2 Thieves","floor":18.0,"turns":5.0},{"damage":19.0,"enemies":"Shell Parasite","floor":19.0,"turns":6.0},{"damage":17.0,"enemies":"Shelled Parasite and Fungi","floor":20.0,"turns":11.0},{"damage":13,"enemies":"Snecko","floor":22,"turns":7},{"damage":34,"enemies":"Book of Stabbing","floor":23,"turns":10},{"damage":35,"enemies":"Slavers","floor":25,"turns":8},{"damage":20,"enemies":"Snake Plant","floor":27,"turns":6},{"damage":3,"enemies":"3 Cultists","floor":28,"turns":5},{"damage":15,"enemies":"Book of Stabbing","floor":29,"turns":9},{"damage":3,"enemies":"Cultist and Chosen","floor":30,"turns":7},{"damage":46,"enemies":"Centurion and Healer","floor":31,"turns":12},{"damage":38,"enemies":"Champ","floor":33,"turns":15}],"seed_played":"-3181860131099891344","potions_obtained":[{"floor":1.0,"key":"Regen Potion"},{"floor":3.0,"key":"Strength Potion"},{"floor":12.0,"key":"EntropicBrew"},{"floor":19.0,"key":"PowerPotion"},{"floor":23,"key":"SteroidPotion"},{"floor":28,"key":"LiquidBronze"},{"floor":31,"key":"ElixirPotion"}],"is_trial":false,"path_per_floor":["M","?","M","?","M","R","E","R","T","M","$","M","R","E","R","B",null,"M","M","M","T","M","E","R","E","T","M","M","E","M","M","R","B"],"character_chosen":"IRONCLAD","items_purchased":["Oddly Smooth Stone","Impervious"],"campfire_rested":1,"item_purchase_floors":[11,11],"current_hp_per_floor":[86,68,68,68,67,67,59,59,59,56,56,66,66,76,76,20,80,58,54,51,51,53,28,61,46,46,41,58,52,69,43,43,5],"gold":118,"neow_bonus":"TEN_PERCENT_HP_BONUS","is_prod":false,"is_daily":false,"chose_seed":false,"campfire_upgraded":5,"win_rate":0,"timestamp":1598218226,"path_taken":["M","?","M","?","M","R","E","R","T","M","$","?","R","E","R","BOSS","M","M","?","?","M","E","R","E","T","?","M","E","M","?","R","BOSS"],"build_version":"2020-07-30","purchased_purges":0,"victory":false,"max_hp_per_floor":[88,88,88,88,88,88,88,88,88,92,92,96,96,100,100,100,100,100,104,107,107,111,111,111,118,118,122,129,129,136,143,143,143],"card_choices":[{"not_picked":["Battle Trance","Hemokinesis"],"picked":"Disarm","floor":1.0},{"not_picked":["Rupture","Headbutt"],"picked":"Flame Barrier","floor":3.0},{"not_picked":["Feel No Pain","Thunderclap"],"picked":"Carnage","floor":5.0},{"not_picked":["Shrug It Off","Whirlwind"],"picked":"Feed","floor":7.0},{"not_picked":["Second Wind","Cleave","Sword Boomerang"],"picked":"SKIP","floor":10.0},{"not_picked":["Carnage","Twin Strike"],"picked":"True Grit","floor":12.0},{"not_picked":["Clash","Flex"],"picked":"True Grit","floor":14.0},{"not_picked":["Limit Break","Barricade"],"picked":"Feed","floor":16.0},{"not_picked":["Twin Strike","Clothesline"],"picked":"Shrug It Off","floor":18.0},{"not_picked":["Perfected Strike","Bloodletting+1"],"picked":"Flame Barrier","floor":19.0},{"not_picked":["Feel No Pain","Anger"],"picked":"Armaments","floor":20},{"not_picked":["Clash","Havoc+1","Perfected Strike"],"picked":"SKIP","floor":22},{"not_picked":["Iron Wave","Barricade","Reckless Charge"],"picked":"SKIP","floor":23},{"not_picked":["Perfected Strike","Sword Boomerang"],"picked":"Spot Weakness","floor":25},{"not_picked":["Reckless Charge","Headbutt"],"picked":"Flame Barrier+1","floor":27},{"not_picked":["Clash","Warcry"],"picked":"Flame Barrier+1","floor":28},{"not_picked":["Infernal Blade","Shockwave","Havoc"],"picked":"SKIP","floor":29},{"not_picked":["Warcry","Havoc","Clash"],"picked":"SKIP","floor":30},{"not_picked":["Headbutt+1","Reckless Charge","Fiend Fire"],"picked":"SKIP","floor":31}],"player_experience":410752,"relics_obtained":[{"floor":7.0,"key":"Self Forming Clay"},{"floor":9.0,"key":"Ancient Tea Set"},{"floor":14.0,"key":"Magic Flower"},{"floor":21,"key":"Happy Flower"},{"floor":23,"key":"Shuriken"},{"floor":25,"key":"Whetstone"},{"floor":26,"key":"Tiny Chest"},{"floor":29,"key":"Lantern"}],"event_choices":[{"damage_healed":0.0,"max_hp_gain":0.0,"max_hp_loss":0.0,"gold_gain":0.0,"event_name":"Shining Light","player_choice":"Entered Light","floor":2.0,"gold_loss":0.0,"damage_taken":18.0,"cards_upgraded":["Strike_R","Strike_R"]},{"damage_healed":0.0,"max_hp_gain":0.0,"max_hp_loss":0.0,"gold_gain":100.0,"event_name":"Golden Shrine","player_choice":"Pray","floor":4.0,"gold_loss":0.0,"damage_taken":0.0}],"is_beta":false,"boss_relics":[{"not_picked":["Astrolabe","Pandora\u0027s Box"],"picked":"Ectoplasm"}],"items_purged_floors":[],"is_endless":false,"potions_floor_spawned":[1,3,12,19,23,27,28,31],"killed_by":"Champ","ascension_level":13}