{"gold_per_floor":[112,32,52,64,76,76,108,119,119,119,138,138,138,64,64,141,141,159,85,10,10,27,27,58,58,58,88,108,126,28,39,39,117,117,136,153,153,172,197,230,530,542,542,542,558,558,228,257,257,257],"floor_reached":51,"playtime":3159,"items_purged":[],"score":1472,"play_id":"a8b526bd-0d40-4b1b-b82d-d784d4f768eb","local_time":"20200827121938","is_ascension_mode":true,"campfire_choices":[{"data":"Hemokinesis","floor":6,"key":"SMITH"},{"floor":10,"key":"REST"},{"data":"True Grit","floor":13,"key":"SMITH"},{"data":"Spot Weakness","floor":15,"key":"SMITH"},{"data":"Corruption","floor":23,"key":"SMITH"},{"data":"Dark Embrace","floor":25,"key":"SMITH"},{"floor":32,"key":"REST"},{"floor":44,"key":"REST"},{"data":"Armaments","floor":46,"key":"SMITH"},{"floor":49,"key":"REST"}],"neow_cost":"NONE","seed_source_timestamp":1262150818258900,"circlet_count":0,"master_deck":["AscendersBane","Strike_R","Strike_R","Strike_R","Strike_R","Defend_R","Defend_R","Defend_R","Defend_R","Bash","True Grit+1","Offering","Metallicize","Hemokinesis+1","Clothesline","Ghostly Armor","Spot Weakness+1","Dark Shackles","Corruption+1","Immolate","Immolate","Flex+1","Dark Embrace+1","Ghostly Armor","Pommel Strike+1","Feel No Pain+1","Disarm","Shrug It Off+1","Body Slam","Shrug It Off","Armaments+1","Offering","Spot Weakness","Shrug It Off","Entrench","Shrug It Off","Disarm"],"relics":["Burning Blood","Omamori","Letter Opener","Bottled Tornado","Runic Pyramid","Orichalcum","Kunai","Ice Cream","Sozu","Gambling Chip","HornCleat","Bag of Preparation","Paper Frog","Singing Bowl"],"potions_floor_usage":[16,33,33],"damage_taken":[{"damage":13,"enemies":"Jaw Worm","floor":1,"turns":6},{"damage":9,"enemies":"Cultist","floor":3,"turns":4},{"damage":0,"enemies":"Small Slimes","floor":4,"turns":5},{"damage":28,"enemies":"Exordium Thugs","floor":5,"turns":7},{"damage":35,"enemies":"Lagavulin","floor":7,"turns":5},{"damage":8,"enemies":"Gremlin Gang","floor":8,"turns":6},{"damage":14,"enemies":"Exordium Wildlife","floor":11,"turns":4},{"damage":24,"enemies":"Hexaghost","floor":16,"turns":12},{"damage":10,"enemies":"Shell Parasite","floor":18,"turns":5},{"damage":8,"enemies":"Chosen","floor":22,"turns":3},{"damage":13,"enemies":"Gremlin Leader","floor":24,"turns":5},{"damage":25,"enemies":"Slavers","floor":27,"turns":3},{"damage":6,"enemies":"Centurion and Healer","floor":28,"turns":6},{"damage":8,"enemies":"Snake Plant","floor":29,"turns":5},{"damage":6,"enemies":"Snecko","floor":31,"turns":5},{"damage":4,"enemies":"Champ","floor":33,"turns":11},{"damage":12,"enemies":"3 Darklings","floor":35,"turns":3},{"damage":2,"enemies":"Orb Walker","floor":36,"turns":3},{"damage":14,"enemies":"Maw","floor":38,"turns":4},{"damage":12,"enemies":"Mind Bloom Boss Battle","floor":39,"turns":4},{"damage":29,"enemies":"Giant Head","floor":40,"turns":6},{"damage":6,"enemies":"Spire Growth","floor":42,"turns":3},{"damage":11,"enemies":"4 Shapes","floor":45,"turns":5},{"damage":12,"enemies":"Reptomancer","floor":48,"turns":1},{"damage":60,"enemies":"Time Eater","floor":50,"turns":9}],"seed_played":"5125458944569673219","potions_obtained":[{"floor":4,"key":"LiquidBronze"},{"floor":7,"key":"Strength Potion"},{"floor":11,"key":"Dexterity Potion"},{"floor":18,"key":"LiquidMemories"},{"floor":31,"key":"CultistPotion"}],"is_trial":false,"path_per_floor":["M","$","M","M","M","R","E","M","T","R","M","?","R","$","R","B",null,"M","$","?","?","M","R","E","R","T","E","M","M","$","M","R","B",null,"M","M","?","M","?","E","?","M","T","R","M","R","$","E","R","B",null],"character_chosen":"IRONCLAD","items_purchased":["Offering","Immolate","Dark Embrace","Shrug It Off","Armaments","Disarm","Paper Frog"],"campfire_rested":4,"item_purchase_floors":[2,14,19,30,30,47,47],"current_hp_per_floor":[61,61,58,64,42,42,13,11,11,33,25,25,25,25,25,7,58,54,54,54,54,52,52,45,45,45,26,26,24,24,24,46,48,68,62,66,66,58,52,29,29,29,29,51,46,46,46,42,65,11],"gold":257,"neow_bonus":"RANDOM_COMMON_RELIC","is_prod":false,"is_daily":false,"chose_seed":false,"campfire_upgraded":6,"win_rate":0,"timestamp":1598548778,"path_taken":["M","$","M","M","M","R","E","M","T","R","M","?","R","?","R","BOSS","M","$","?","?","M","R","E","R","T","E","M","?","?","?","R","BOSS","M","M","?","?","?","E","?","M","T","R","?","R","$","E","R","BOSS"],"build_version":"2020-07-30","purchased_purges":0,"victory":true,"max_hp_per_floor":[75,75,75,75,75,75,75,75,75,75,75,75,75,75,75,75,75,75,75,75,75,75,75,75,75,75,75,75,75,75,75,75,75,75,75,75,75,75,75,75,75,75,75,75,75,75,75,77,77,77],"card_choices":[{"not_picked":["Clash","Perfected Strike"],"picked":"True Grit","floor":1},{"not_picked":["Seeing Red","Intimidate"],"picked":"Metallicize","floor":3},{"not_picked":["Body Slam","Armaments"],"picked":"Hemokinesis","floor":4},{"not_picked":["Flex","Body Slam"],"picked":"Clothesline","floor":5},{"not_picked":["Seeing Red","Flex","Sword Boomerang"],"picked":"SKIP","floor":7},{"not_picked":["Iron Wave","Dropkick"],"picked":"Ghostly Armor","floor":8},{"not_picked":["Sword Boomerang","Uppercut"],"picked":"Spot Weakness","floor":11},{"not_picked":["Feed","Demon Form"],"picked":"Immolate","floor":16},{"not_picked":["Anger","Heavy Blade"],"picked":"Flex+1","floor":18},{"not_picked":["Body Slam","Havoc"],"picked":"Pommel Strike+1","floor":22},{"not_picked":["Anger","Impervious"],"picked":"Feel No Pain+1","floor":24},{"not_picked":["Carnage","Rage"],"picked":"Disarm","floor":27},{"not_picked":["Pommel Strike","Inflame"],"picked":"Shrug It Off+1","floor":28},{"not_picked":["Headbutt","Cleave"],"picked":"Body Slam","floor":29},{"not_picked":["Perfected Strike","Body Slam"],"picked":"Offering","floor":31},{"not_picked":["Warcry+1","Twin Strike+1"],"picked":"Spot Weakness","floor":35},{"not_picked":["Pummel+1","Clothesline","Anger+1"],"picked":"SKIP","floor":36},{"not_picked":["Combust","Thunderclap"],"picked":"Shrug It Off","floor":38},{"not_picked":["Uppercut","Anger+1","Iron Wave"],"picked":"SKIP","floor":40},{"not_picked":["Fire Breathing","Armaments+1"],"picked":"Entrench","floor":42},{"not_picked":["Combust","Headbutt"],"picked":"Shrug It Off","floor":45},{"not_picked":["Armaments","Dropkick+1","Power Through"],"picked":"Singing Bowl","floor":48}],"player_experience":435377,"relics_obtained":[{"floor":7,"key":"Letter Opener"},{"floor":9,"key":"Bottled Tornado"},{"floor":24,"key":"Orichalcum"},{"floor":26,"key":"Kunai"},{"floor":27,"key":"Ice Cream"},{"floor":39,"key":"Gambling Chip"},{"floor":40,"key":"HornCleat"},{"floor":43,"key":"Bag of Preparation"},{"floor":48,"key":"Singing Bowl"}],"event_choices":[{"damage_healed":0,"gold_gain":0,"player_choice":"2 cards matched","damage_taken":0,"max_hp_gain":0,"max_hp_loss":0,"event_name":"Match and Keep!","floor":12,"gold_loss":0,"cards_obtained":["Dark Shackles","Corruption"]},{"cards_removed":["Strike_R"],"damage_healed":0,"gold_gain":0,"player_choice":"Gave Gold","damage_taken":0,"max_hp_gain":0,"max_hp_loss":0,"event_name":"Beggar","floor":20,"gold_loss":75},{"damage_healed":0,"gold_gain":0,"player_choice":"Copied","damage_taken":0,"max_hp_gain":0,"max_hp_loss":0,"event_name":"Duplicator","floor":21,"gold_loss":0,"cards_obtained":["Ghostly Armor"]},{"damage_healed":0,"gold_gain":0,"player_choice":"Ignored","damage_taken":0,"max_hp_gain":0,"max_hp_loss":0,"event_name":"SecretPortal","floor":37,"gold_loss":0},{"damage_healed":0,"gold_gain":0,"player_choice":"Fight","damage_taken":0,"max_hp_gain":0,"max_hp_loss":0,"event_name":"MindBloom","floor":39,"gold_loss":0},{"damage_healed":0,"gold_gain":300,"player_choice":"Gold","damage_taken":0,"max_hp_gain":0,"max_hp_loss":0,"event_name":"Wheel of Change","floor":41,"gold_loss":0}],"is_beta":false,"boss_relics":[{"not_picked":["Philosopher\u0027s Stone","Fusion Hammer"],"picked":"Runic Pyramid"},{"not_picked":["Empty Cage","Runic Dome"],"picked":"Sozu"}],"items_purged_floors":[],"is_endless":false,"potions_floor_spawned":[4,7,11,18,22,28,29,31,36,42,45,48],"ascension_level":14}