{"gold_per_floor":[209,77,96,114,132,132,162,188,188,198,198,273,273,289,289,385,385,395,395,408,408,419,446,446,472,554,144,155,181,201,220,220,324,324,336,336,354,240,259,287,287,139,139,154,154,179,195,220,220,220],"floor_reached":51,"playtime":2518,"items_purged":["Strike_R"],"score":1353,"play_id":"5d7987be-f304-42ca-8cac-8221eef744a1","local_time":"20200821161802","is_ascension_mode":true,"campfire_choices":[{"data":"Spot Weakness","floor":6,"key":"SMITH"},{"data":"Sword Boomerang","floor":11,"key":"SMITH"},{"data":"Anger","floor":13,"key":"SMITH"},{"data":"Spot Weakness","floor":15,"key":"SMITH"},{"data":"Uppercut","floor":24,"key":"SMITH"},{"data":"Limit Break","floor":32,"key":"SMITH"},{"data":"Spot Weakness","floor":41,"key":"SMITH"},{"floor":49,"key":"REST"}],"neow_cost":"NONE","seed_source_timestamp":758705341910500,"circlet_count":0,"master_deck":["AscendersBane","Strike_R","Strike_R","Strike_R","Defend_R","Defend_R","Defend_R+1","Defend_R","Bash","Sword Boomerang+1","Shockwave+1","Shrug It Off","Cleave","Spot Weakness+1","Anger+1","Spot Weakness+1","Reaper","Pommel Strike","Headbutt","Carnage","Uppercut+1","Rage","Shrug It Off","Pommel Strike","Rage","Sword Boomerang","Limit Break+1","Ghostly Armor","Offering","Heavy Blade","Sword Boomerang","Disarm","Spot Weakness+1","Pommel Strike+1","Battle Trance+1"],"relics":["Burning Blood","Pen Nib","War Paint","Mummified Hand","SlaversCollar","Nunchaku","Happy Flower","Shuriken","Oddly Smooth Stone","Orichalcum","Akabeko","Velvet Choker","Singing Bowl","Brimstone","Pantograph","Ancient Tea Set","Bird Faced Urn"],"potions_floor_usage":[5,5,7,18,25,33,46],"damage_taken":[{"damage":1,"enemies":"Cultist","floor":1,"turns":3},{"damage":1,"enemies":"Small Slimes","floor":3,"turns":4},{"damage":13,"enemies":"Jaw Worm","floor":4,"turns":4},{"damage":0,"enemies":"Gremlin Gang","floor":5,"turns":1},{"damage":27,"enemies":"Lagavulin","floor":7,"turns":7},{"damage":13,"enemies":"3 Louse","floor":10,"turns":3},{"damage":1,"enemies":"Large Slime","floor":14,"turns":3},{"damage":12,"enemies":"Slime Boss","floor":16,"turns":7},{"damage":17,"enemies":"2 Thieves","floor":18,"turns":3},{"damage":25,"enemies":"Spheric Guardian","floor":20,"turns":4},{"damage":42,"enemies":"3 Cultists","floor":22,"turns":5},{"damage":15,"enemies":"Gremlin Leader","floor":23,"turns":4},{"damage":25,"enemies":"Slavers","floor":25,"turns":4},{"damage":14,"enemies":"Snecko","floor":28,"turns":4},{"damage":21,"enemies":"Gremlin Leader","floor":29,"turns":5},{"damage":8,"enemies":"Centurion and Healer","floor":30,"turns":3},{"damage":12,"enemies":"Snake Plant","floor":31,"turns":4},{"damage":4,"enemies":"Automaton","floor":33,"turns":6},{"damage":6,"enemies":"Orb Walker","floor":35,"turns":1},{"damage":14,"enemies":"3 Shapes","floor":37,"turns":4},{"damage":24,"enemies":"3 Darklings","floor":39,"turns":4},{"damage":25,"enemies":"Giant Head","floor":40,"turns":6},{"damage":21,"enemies":"4 Shapes","floor":44,"turns":3},{"damage":17,"enemies":"Nemesis","floor":46,"turns":3},{"damage":35,"enemies":"Spire Growth","floor":47,"turns":4},{"damage":6,"enemies":"Giant Head","floor":48,"turns":5},{"damage":57,"enemies":"Donu and Deca","floor":50,"turns":5}],"seed_played":"-4005851868110474416","potions_obtained":[{"floor":4,"key":"EntropicBrew"},{"floor":5,"key":"SteroidPotion"},{"floor":16,"key":"Strength Potion"},{"floor":18,"key":"EssenceOfSteel"},{"floor":22,"key":"Explosive Potion"},{"floor":23,"key":"Energy Potion"},{"floor":29,"key":"EssenceOfSteel"},{"floor":33,"key":"FearPotion"},{"floor":46,"key":"ElixirPotion"}],"is_trial":false,"path_per_floor":["M","$","M","M","M","R","E","T","T","M","R","?","R","M","R","B",null,"M","?","M","?","M","E","R","E","T","$","M","E","M","M","R","B",null,"M","?","M","$","M","E","R","$","T","M","?","E","M","E","R","B",null],"character_chosen":"IRONCLAD","items_purchased":["Shockwave","Shrug It Off","Pommel Strike","Oddly Smooth Stone","Orichalcum","Rage","Disarm","Brimstone"],"campfire_rested":1,"item_purchase_floors":[2,2,27,27,27,27,38,42],"current_hp_per_floor":[77,77,80,73,79,79,58,58,58,51,51,40,40,45,45,39,70,75,75,63,63,41,74,74,55,55,55,62,74,72,66,66,68,77,77,77,69,69,51,69,69,69,69,70,70,59,30,57,81,61],"gold":220,"neow_bonus":"HUNDRED_GOLD","is_prod":false,"is_daily":false,"chose_seed":false,"campfire_upgraded":7,"win_rate":0,"timestamp":1598044682,"path_taken":["M","$","?","M","M","R","E","?","T","M","R","?","R","M","R","BOSS","M","?","M","?","M","E","R","E","T","$","M","E","?","M","R","BOSS","M","?","M","$","M","E","R","$","T","M","?","E","M","E","R","BOSS"],"build_version":"2020-07-30","purchased_purges":1,"victory":true,"max_hp_per_floor":[80,80,80,80,80,80,80,80,80,80,80,80,80,80,80,80,80,80,80,80,80,80,80,80,80,80,80,80,80,80,80,80,80,80,80,80,80,80,80,82,82,82,82,84,80,80,80,82,82,82],"card_choices":[{"not_picked":["Warcry","Perfected Strike"],"picked":"Sword Boomerang","floor":1},{"not_picked":["Entrench","Clothesline"],"picked":"Cleave","floor":3},{"not_picked":["Flex","Iron Wave"],"picked":"Shrug It Off","floor":4},{"not_picked":["Pommel Strike","Sentinel"],"picked":"Spot Weakness","floor":5},{"not_picked":["Perfected Strike","Bloodletting"],"picked":"Anger","floor":7},{"not_picked":["Anger","Blood for Blood","Reckless Charge"],"picked":"SKIP","floor":10},{"not_picked":["Warcry","Burning Pact"],"picked":"Spot Weakness","floor":14},{"not_picked":["Juggernaut","Impervious"],"picked":"Reaper","floor":16},{"not_picked":["Clothesline","Searing Blow"],"picked":"Pommel Strike","floor":18},{"not_picked":["Feel No Pain","Clash"],"picked":"Headbutt","floor":20},{"not_picked":["Wild Strike","Intimidate"],"picked":"Uppercut","floor":22},{"not_picked":["Brutality","Body Slam"],"picked":"Rage","floor":23},{"not_picked":["Infernal Blade","Iron Wave"],"picked":"Shrug It Off","floor":25},{"not_picked":["Headbutt","Shockwave+1"],"picked":"Sword Boomerang","floor":28},{"not_picked":["Pommel Strike","Hemokinesis"],"picked":"Limit Break","floor":29},{"not_picked":["Thunderclap","Hemokinesis"],"picked":"Ghostly Armor","floor":30},{"not_picked":["Armaments","Pummel","Warcry"],"picked":"SKIP","floor":31},{"not_picked":["Limit Break","Brutality"],"picked":"Offering","floor":33},{"not_picked":["Flame Barrier","Pommel Strike"],"picked":"Heavy Blade","floor":35},{"not_picked":["Rampage+1","Clothesline+1"],"picked":"Sword Boomerang","floor":37},{"not_picked":["Disarm","Burning Pact+1"],"picked":"Spot Weakness","floor":39},{"not_picked":["Feel No Pain","Fire Breathing","Feed"],"picked":"Singing Bowl","floor":40},{"not_picked":["Sentinel+1","Havoc","Intimidate"],"picked":"Singing Bowl","floor":44},{"not_picked":["Shrug It Off","Dual Wield"],"picked":"Pommel Strike+1","floor":46},{"not_picked":["Combust","Uppercut"],"picked":"Battle Trance+1","floor":47},{"not_picked":["Seeing Red","Body Slam+1","Cleave"],"picked":"Singing Bowl","floor":48}],"player_experience":395936,"relics_obtained":[{"floor":7,"key":"Pen Nib"},{"floor":8,"key":"War Paint"},{"floor":9,"key":"Mummified Hand"},{"floor":23,"key":"Nunchaku"},{"floor":25,"key":"Happy Flower"},{"floor":26,"key":"Shuriken"},{"floor":29,"key":"Akabeko"},{"floor":40,"key":"Singing Bowl"},{"floor":43,"key":"Pantograph"},{"floor":46,"key":"Ancient Tea Set"},{"floor":48,"key":"Bird Faced Urn"}],"event_choices":[{"damage_healed":0,"gold_gain":75,"player_choice":"Gather Gold","damage_taken":11,"max_hp_gain":0,"max_hp_loss":0,"event_name":"World of Goop","floor":12,"gold_loss":0},{"damage_healed":0,"gold_gain":0,"player_choice":"Ignored","damage_taken":0,"max_hp_gain":0,"max_hp_loss":0,"event_name":"Ghosts","floor":19,"gold_loss":0},{"damage_healed":0,"gold_gain":0,"cards_transformed":["Strike_R"],"player_choice":"Transformed","damage_taken":0,"max_hp_gain":0,"max_hp_loss":0,"event_name":"Transmorgrifier","floor":21,"gold_loss":0,"cards_obtained":["Carnage"]},{"cards_removed":["Shrug It Off"],"damage_healed":0,"gold_gain":0,"player_choice":"Removed Skill","damage_taken":0,"max_hp_gain":0,"max_hp_loss":0,"event_name":"Falling","floor":36,"gold_loss":0},{"damage_healed":0,"gold_gain":0,"player_choice":"Max HP","damage_taken":0,"max_hp_gain":0,"max_hp_loss":4,"event_name":"Winding Halls","floor":45,"gold_loss":0}],"is_beta":false,"boss_relics":[{"not_picked":["Ectoplasm","Astrolabe"],"picked":"SlaversCollar"},{"not_picked":["Tiny House","Black Star"],"picked":"Velvet Choker"}],"items_purged_floors":[38],"is_endless":false,"potions_floor_spawned":[4,5,16,18,22,23,29,33,39,40,46],"ascension_level":12}