{"gold_per_floor":[113,113,128,25,25,25,58,58,84,84,109,55,74,107,107,186,186,204,131,150,47,60,94,114,114,114,149,149,180,180,195,195,270,270,280,293,347,11,0,29,44,44,70,95,111,111,139,154,154,154,154,154,0,27,27],"floor_reached":56,"playtime":3976,"items_purged":["Strike_R","Strike_R"],"score":2174,"play_id":"3085a314-a54d-4281-83f4-8a5ac670aad6","local_time":"20200823175345","is_ascension_mode":true,"campfire_choices":[{"data":"Body Slam","floor":6.0,"key":"SMITH"},{"data":"True Grit","floor":8.0,"key":"SMITH"},{"data":"Flame Barrier","floor":10.0,"key":"SMITH"},{"data":"Shrug It Off","floor":15.0,"key":"SMITH"},{"floor":28,"key":"REST"},{"floor":32,"key":"REST"},{"data":"Barricade","floor":42,"key":"SMITH"},{"floor":49,"key":"RECALL"},{"data":"Body Slam","floor":52,"key":"SMITH"}],"neow_cost":"PERCENT_DAMAGE","seed_source_timestamp":935729303974900,"circlet_count":0,"master_deck":["AscendersBane","Strike_R","Strike_R+1","Defend_R","Defend_R","Defend_R+1","Defend_R","Bash","Body Slam+1","True Grit+1","Shrug It Off+1","Power Through","Flame Barrier+1","Shrug It Off","Barricade+1","Body Slam+1","Offering","Shrug It Off","True Grit","Shrug It Off","Body Slam","Pain","RitualDagger","Disarm","Shrug It Off","Metallicize+1","Regret","Flame Barrier"],"special_seed":0,"relics":["Burning Blood","StoneCalendar","WingedGreaves","Bronze Scales","Blue Candle","Smiling Mask","Cursed Key","Strawberry","Bag of Preparation","Dead Branch","Potion Belt","Coffee Dripper","Thread and Needle","Mango","Red Mask","Bag of Marbles","StrikeDummy","Toy Ornithopter","Lee\u0027s Waffle","Happy Flower"],"potions_floor_usage":[27,27,31,54,55,55],"damage_taken":[{"damage":1.0,"enemies":"Small Slimes","floor":1.0,"turns":3.0},{"damage":4.0,"enemies":"Jaw Worm","floor":3.0,"turns":4.0},{"damage":12.0,"enemies":"Lagavulin","floor":7.0,"turns":7.0},{"damage":2.0,"enemies":"Gremlin Nob","floor":11.0,"turns":4.0},{"damage":2.0,"enemies":"2 Louse","floor":13.0,"turns":2.0},{"damage":4.0,"enemies":"Lagavulin","floor":14.0,"turns":4.0},{"damage":0,"enemies":"The Guardian","floor":16,"turns":9},{"damage":0,"enemies":"Chosen","floor":18,"turns":4},{"damage":1,"enemies":"Shell Parasite","floor":20,"turns":4},{"damage":18,"enemies":"Cultist and Chosen","floor":22,"turns":7},{"damage":9,"enemies":"Slavers","floor":23,"turns":7},{"damage":6,"enemies":"Centurion and Healer","floor":24,"turns":5},{"damage":63,"enemies":"Book of Stabbing","floor":27,"turns":7},{"damage":23,"enemies":"Gremlin Leader","floor":29,"turns":9},{"damage":28,"enemies":"3 Cultists","floor":31,"turns":4},{"damage":23,"enemies":"Champ","floor":33,"turns":10},{"damage":14,"enemies":"3 Darklings","floor":35,"turns":4},{"damage":7,"enemies":"Orb Walker","floor":36,"turns":2},{"damage":13,"enemies":"2 Orb Walkers","floor":37,"turns":7},{"damage":25,"enemies":"Reptomancer","floor":40,"turns":7},{"damage":1,"enemies":"Transient","floor":41,"turns":5},{"damage":8,"enemies":"Giant Head","floor":44,"turns":8},{"damage":8,"enemies":"Maw","floor":45,"turns":7},{"damage":17,"enemies":"Nemesis","floor":47,"turns":7},{"damage":8,"enemies":"Sphere and 2 Shapes","floor":48,"turns":4},{"damage":8,"enemies":"Awakened One","floor":50,"turns":10},{"damage":19,"enemies":"Shield and Spear","floor":54,"turns":7},{"damage":75,"enemies":"The Heart","floor":55,"turns":12}],"seed_played":"7734009593529720599","potions_obtained":[{"floor":7.0,"key":"Explosive Potion"},{"floor":11.0,"key":"PowerPotion"},{"floor":13.0,"key":"SkillPotion"},{"floor":16,"key":"GamblersBrew"},{"floor":24,"key":"BloodPotion"},{"floor":29,"key":"AttackPotion"},{"floor":36,"key":"Ancient Potion"},{"floor":37,"key":"LiquidBronze"},{"floor":44,"key":"LiquidBronze"},{"floor":47,"key":"SkillPotion"},{"floor":48,"key":"Energy Potion"}],"is_trial":false,"path_per_floor":["M","?","M","$","?","R","E","R","T","R","E","$","M","E","R","B",null,"M","$","M","$","M","E","M","?","T","E","R","E","?","M","R","B",null,"M","M","?","$","?","E","M","R","T","E","M","$","E","M","R","B",null,"R","$","E","B",null],"character_chosen":"IRONCLAD","items_purchased":["Shrug It Off","Power Through","Shrug It Off","Body Slam","Shrug It Off","True Grit","Mango","Lee\u0027s Waffle"],"campfire_rested":2,"item_purchase_floors":[4,4,12,19,21,21,38,53],"current_hp_per_floor":[56,40,42,42,35,35,29,29,29,29,33,33,37,39,39,45,71,77,77,80,80,68,72,72,72,72,32,58,41,35,13,39,22,71,63,62,55,69,69,50,55,55,55,53,51,51,40,38,38,36,85,85,108,100,41],"gold":27,"neow_bonus":"ONE_RARE_RELIC","is_prod":false,"is_daily":false,"chose_seed":false,"campfire_upgraded":6,"win_rate":0,"timestamp":1598223225,"path_taken":["M","?","M","$","?","R","E","R","T","R","E","$","M","E","R","BOSS","M","$","M","$","M","E","M","?","T","E","R","E","?","M","R","BOSS","M","M","?","$","?","E","M","R","T","E","M","$","E","M","R","BOSS","R","$","E","BOSS"],"build_version":"2020-07-30","purchased_purges":2,"victory":true,"max_hp_per_floor":[80,80,80,80,80,80,80,80,80,80,80,80,80,80,80,80,80,80,80,80,80,80,87,87,87,87,87,87,87,87,87,87,87,87,87,87,87,101,101,101,101,101,101,101,101,101,101,101,101,101,101,101,108,108,108],"card_choices":[{"not_picked":["Flex","Clash"],"picked":"Body Slam","floor":1.0},{"not_picked":["Clothesline","Warcry"],"picked":"True Grit","floor":3.0},{"not_picked":["Burning Pact","Heavy Blade"],"picked":"Flame Barrier","floor":7.0},{"not_picked":["Pummel","Cleave","Clash"],"picked":"SKIP","floor":11.0},{"not_picked":["Sword Boomerang","Inflame","Hemokinesis"],"picked":"SKIP","floor":13.0},{"not_picked":["Fiend Fire","Double Tap","Pommel Strike"],"picked":"SKIP","floor":14.0},{"not_picked":["Impervious","Double Tap"],"picked":"Barricade","floor":16},{"not_picked":["Sword Boomerang","Searing Blow","Clothesline"],"picked":"SKIP","floor":18},{"not_picked":["Dropkick","Perfected Strike+1"],"picked":"Offering","floor":20},{"not_picked":["Fire Breathing","Rampage"],"picked":"Shrug It Off","floor":22},{"not_picked":["Fire Breathing","Rage+1","Headbutt"],"picked":"SKIP","floor":23},{"not_picked":["Sword Boomerang","Intimidate","Warcry"],"picked":"SKIP","floor":24},{"not_picked":["Pommel Strike+1","Seeing Red","Twin Strike"],"picked":"SKIP","floor":27},{"not_picked":["Iron Wave","Inflame","Whirlwind"],"picked":"SKIP","floor":29},{"not_picked":["Sword Boomerang","Twin Strike","Berserk"],"picked":"SKIP","floor":31},{"not_picked":["Sentinel","Spot Weakness"],"picked":"Disarm","floor":35},{"not_picked":["Warcry+1","Body Slam"],"picked":"Shrug It Off","floor":36},{"not_picked":["Hemokinesis+1","True Grit"],"picked":"Metallicize+1","floor":37},{"not_picked":["Anger","Hemokinesis","Sword Boomerang"],"picked":"SKIP","floor":40},{"not_picked":["Intimidate","Flex","Berserk"],"picked":"SKIP","floor":41},{"not_picked":["Thunderclap","Fire Breathing","Anger+1"],"picked":"SKIP","floor":44},{"not_picked":["Bloodletting","Iron Wave","Heavy Blade"],"picked":"SKIP","floor":45},{"not_picked":["Intimidate","Thunderclap","Perfected Strike"],"picked":"SKIP","floor":47},{"not_picked":["Infernal Blade+1","Pommel Strike+1"],"picked":"Flame Barrier","floor":48},{"not_picked":["Anger","Dark Embrace","Intimidate"],"picked":"SKIP","floor":54}],"player_experience":413196,"relics_obtained":[{"floor":7.0,"key":"WingedGreaves"},{"floor":9.0,"key":"Bronze Scales"},{"floor":11.0,"key":"Blue Candle"},{"floor":14.0,"key":"Smiling Mask"},{"floor":23,"key":"Strawberry"},{"floor":26,"key":"Bag of Preparation"},{"floor":27,"key":"Dead Branch"},{"floor":29,"key":"Potion Belt"},{"floor":37,"key":"Thread and Needle"},{"floor":40,"key":"Bag of Marbles"},{"floor":44,"key":"StrikeDummy"},{"floor":47,"key":"Toy Ornithopter"},{"floor":54,"key":"Happy Flower"}],"event_choices":[{"damage_healed":0.0,"max_hp_gain":0.0,"max_hp_loss":0.0,"gold_gain":0.0,"event_name":"Shining Light","player_choice":"Entered Light","floor":2.0,"gold_loss":0.0,"damage_taken":16.0,"cards_upgraded":["Strike_R","Defend_R"]},{"cards_removed":["Strike_R"],"damage_healed":0.0,"max_hp_gain":0.0,"max_hp_loss":0.0,"gold_gain":0.0,"event_name":"Golden Wing","player_choice":"Card Removal","floor":5.0,"gold_loss":0.0,"damage_taken":7.0},{"damage_healed":0,"gold_gain":0,"player_choice":"Read","damage_taken":0,"max_hp_gain":0,"max_hp_loss":0,"event_name":"The Library","floor":25,"gold_loss":0,"cards_obtained":["Body Slam"]},{"damage_healed":0,"gold_gain":0,"player_choice":"Joined the Cult","damage_taken":6,"max_hp_gain":0,"max_hp_loss":0,"event_name":"Nest","floor":30,"gold_loss":0,"cards_obtained":["RitualDagger"]},{"damage_healed":0,"gold_gain":0,"player_choice":"Fight","damage_taken":0,"max_hp_gain":0,"max_hp_loss":0,"event_name":"Mysterious Sphere","floor":37,"gold_loss":0},{"damage_healed":0,"gold_gain":0,"player_choice":"Paid","damage_taken":0,"relics_obtained":["Red Mask"],"max_hp_gain":0,"max_hp_loss":0,"event_name":"Tomb of Lord Red Mask","floor":39,"gold_loss":11}],"is_beta":false,"boss_relics":[{"not_picked":["Runic Pyramid","Busted Crown"],"picked":"Cursed Key"},{"not_picked":["Astrolabe","Runic Cube"],"picked":"Coffee Dripper"}],"items_purged_floors":[19,38],"is_endless":false,"potions_floor_spawned":[7,11,13,16,20,22,23,24,29,36,37,44,47,48],"ascension_level":13}