{"gold_per_floor":[115,115,30,48,105,105,115,148,173,193,221,234,234,246,246,324,324,308,175,175,187,88,88,122,122,149,174,192,192,192],"floor_reached":30,"playtime":1510,"items_purged":["Strike_R"],"score":570,"play_id":"4a531689-7215-4c4e-9651-41fcf1e8c757","local_time":"20200911194346","is_ascension_mode":true,"campfire_choices":[{"data":"Demon Form","floor":6.0,"key":"SMITH"},{"data":"Spot Weakness","floor":13,"key":"SMITH"},{"data":"Heavy Blade","floor":15,"key":"SMITH"},{"data":"Trip","floor":23,"key":"SMITH"},{"data":"Armaments","floor":25,"key":"SMITH"}],"neow_cost":"TEN_PERCENT_HP_LOSS","seed_source_timestamp":300236217822000,"circlet_count":0,"master_deck":["AscendersBane","Defend_R","Defend_R","Defend_R","Defend_R","Bash+1","Wild Strike","Demon Form+1","Shrug It Off","Armaments+1","Spot Weakness+1","Carnage","Dropkick","Ghostly Armor","Heavy Blade+1","Fiend Fire","Hemokinesis","Cleave","Inflame","Trip+1","Disarm","Pommel Strike","Reaper","Bite","Bite","Bite","Bite","Bite"],"special_seed":0,"relics":["Burning Blood","Champion Belt","Pen Nib","Bag of Preparation","Happy Flower","Velvet Choker","The Courier","Art of War","Juzu Bracelet"],"potions_floor_usage":[11,27,30,30],"damage_taken":[{"damage":8.0,"enemies":"2 Louse","floor":1.0,"turns":3.0},{"damage":1.0,"enemies":"Cultist","floor":4.0,"turns":3.0},{"damage":0.0,"enemies":"Small Slimes","floor":7.0,"turns":3.0},{"damage":30.0,"enemies":"3 Sentries","floor":8.0,"turns":9.0},{"damage":10.0,"enemies":"3 Louse","floor":10.0,"turns":3.0},{"damage":3,"enemies":"Gremlin Nob","floor":11,"turns":3},{"damage":2,"enemies":"2 Fungi Beasts","floor":12,"turns":3},{"damage":1,"enemies":"Exordium Wildlife","floor":14,"turns":3},{"damage":46,"enemies":"The Guardian","floor":16,"turns":6},{"damage":11,"enemies":"2 Thieves","floor":18,"turns":4},{"damage":0,"enemies":"Spheric Guardian","floor":21,"turns":3},{"damage":54,"enemies":"Gremlin Leader","floor":24,"turns":5},{"damage":45,"enemies":"Book of Stabbing","floor":27,"turns":6},{"damage":0,"enemies":"Snake Plant","floor":28,"turns":3},{"damage":34,"enemies":"Gremlin Leader","floor":30,"turns":4}],"seed_played":"7583803503464087584","potions_obtained":[{"floor":4.0,"key":"FearPotion"},{"floor":11,"key":"Fruit Juice"},{"floor":14,"key":"FairyPotion"},{"floor":27,"key":"Fruit Juice"},{"floor":28,"key":"LiquidBronze"}],"is_trial":false,"path_per_floor":["M","?","$","M","?","R","M","E","T","M","E","M","R","M","R","B",null,"M","$","?","M","$","R","E","R","T","E","M","?","E"],"character_chosen":"IRONCLAD","items_purchased":["Shrug It Off","Armaments","Cleave","Trip"],"campfire_rested":0,"item_purchase_floors":[3,3,19,22],"current_hp_per_floor":[66,66,66,68,68,68,68,44,44,40,43,47,47,52,52,12,54,49,49,49,55,55,55,7,7,7,10,16,16,0],"gold":192,"neow_bonus":"ONE_RARE_RELIC","is_prod":false,"is_daily":false,"chose_seed":false,"campfire_upgraded":5,"win_rate":0,"timestamp":1599871426,"path_taken":["M","?","?","M","?","R","M","E","T","M","E","M","R","M","R","BOSS","M","$","?","?","$","R","E","R","T","E","M","?","E"],"build_version":"2020-07-30","purchased_purges":1,"victory":false,"max_hp_per_floor":[68,68,68,68,68,68,68,68,68,68,68,68,68,68,68,68,68,68,68,68,68,68,68,68,68,68,73,73,51,56],"card_choices":[{"not_picked":["Warcry","Flex"],"picked":"Wild Strike","floor":1.0},{"not_picked":["Twin Strike","True Grit"],"picked":"Spot Weakness","floor":4.0},{"not_picked":["Armaments","Flex"],"picked":"Carnage","floor":7.0},{"not_picked":["Metallicize","Barricade"],"picked":"Dropkick","floor":8.0},{"not_picked":["Iron Wave","Perfected Strike"],"picked":"Ghostly Armor","floor":10.0},{"not_picked":["Clothesline","Anger","Flex"],"picked":"SKIP","floor":11},{"not_picked":["Bludgeon","Iron Wave","Flex"],"picked":"SKIP","floor":12},{"not_picked":["Perfected Strike","Hemokinesis"],"picked":"Heavy Blade","floor":14},{"not_picked":["Berserk","Feed"],"picked":"Fiend Fire","floor":16},{"not_picked":["True Grit","Wild Strike"],"picked":"Hemokinesis","floor":18},{"not_picked":["Perfected Strike","Reckless Charge"],"picked":"Inflame","floor":21},{"not_picked":["Fire Breathing","Shockwave+1"],"picked":"Disarm","floor":24},{"not_picked":["Searing Blow","Cleave"],"picked":"Pommel Strike","floor":27},{"not_picked":["Armaments","Warcry+1"],"picked":"Reaper","floor":28}],"player_experience":507783,"relics_obtained":[{"floor":8.0,"key":"Pen Nib"},{"floor":9.0,"key":"Bag of Preparation"},{"floor":11,"key":"Happy Flower"},{"floor":24,"key":"The Courier"},{"floor":26,"key":"Art of War"},{"floor":27,"key":"Juzu Bracelet"}],"event_choices":[{"damage_healed":0.0,"max_hp_gain":0.0,"max_hp_loss":0.0,"gold_gain":0.0,"event_name":"Match and Keep!","player_choice":"1 cards matched","floor":2.0,"gold_loss":0.0,"damage_taken":0.0,"cards_obtained":["Demon Form"]},{"damage_healed":0.0,"max_hp_gain":0.0,"max_hp_loss":0.0,"gold_gain":57.0,"event_name":"Golden Wing","player_choice":"Gained Gold","floor":5.0,"gold_loss":0.0,"damage_taken":0.0},{"damage_healed":0,"gold_gain":0,"player_choice":"Upgraded","damage_taken":0,"max_hp_gain":0,"max_hp_loss":0,"event_name":"Upgrade Shrine","floor":20,"gold_loss":0,"cards_upgraded":["Bash"]},{"damage_healed":0,"gold_gain":0,"player_choice":"Became a vampire","damage_taken":0,"max_hp_gain":0,"max_hp_loss":22,"event_name":"Vampires","floor":29,"gold_loss":0,"cards_obtained":["Bite","Bite","Bite","Bite","Bite"]}],"is_beta":false,"boss_relics":[{"not_picked":["Cursed Key","Sozu"],"picked":"Velvet Choker"}],"items_purged_floors":[19],"is_endless":false,"potions_floor_spawned":[4,11,14,24,27,28],"killed_by":"Gremlin Leader","ascension_level":16}