{"gold_per_floor":[112,123,140,65,140,140,59,86,158,178,178,178,212,225,225,299,299,283,283,283,303,135,135,168,180],"floor_reached":25,"playtime":1498,"items_purged":[],"score":412,"play_id":"80e7016e-b486-4336-b7d9-b300cb56ea83","local_time":"20200911211709","is_ascension_mode":true,"campfire_choices":[{"data":"Bash","floor":6.0,"key":"SMITH"},{"data":"Anger","floor":11.0,"key":"SMITH"},{"data":"True Grit","floor":15.0,"key":"SMITH"},{"data":"Disarm","floor":23,"key":"SMITH"}],"neow_cost":"NONE","seed_source_timestamp":0,"circlet_count":0,"master_deck":["AscendersBane","Strike_R","Strike_R","Strike_R","Strike_R","Defend_R","Defend_R","Defend_R","Defend_R","Bash+1","Sword Boomerang","Pommel Strike","Anger+1","True Grit+1","Flame Barrier","Impervious","Anger","Juggernaut","Rampage","Disarm+1","Disarm","Pommel Strike","Twin Strike+1"],"special_seed":0,"relics":["Burning Blood","Orichalcum","Eternal Feather","Prayer Wheel","Art of War","Mark of Pain","PrismaticShard","MawBank"],"potions_floor_usage":[24,24],"damage_taken":[{"damage":12.0,"enemies":"Jaw Worm","floor":1.0,"turns":4.0},{"damage":3.0,"enemies":"2 Louse","floor":2.0,"turns":4.0},{"damage":3.0,"enemies":"Small Slimes","floor":3.0,"turns":3.0},{"damage":43.0,"enemies":"Lagavulin","floor":8.0,"turns":6.0},{"damage":2.0,"enemies":"Exordium Wildlife","floor":10.0,"turns":3.0},{"damage":23.0,"enemies":"3 Sentries","floor":13.0,"turns":11.0},{"damage":4.0,"enemies":"Exordium Thugs","floor":14.0,"turns":4.0},{"damage":42.0,"enemies":"Slime Boss","floor":16.0,"turns":16.0},{"damage":17,"enemies":"2 Thieves","floor":18,"turns":4},{"damage":11,"enemies":"3 Byrds","floor":21,"turns":5},{"damage":54,"enemies":"Gremlin Leader","floor":24,"turns":9},{"damage":2,"enemies":"Snake Plant","floor":25,"turns":3}],"seed_played":"-5358769643289686834","potions_obtained":[{"floor":2.0,"key":"SkillPotion"},{"floor":13.0,"key":"SpeedPotion"},{"floor":14.0,"key":"BloodPotion"},{"floor":16.0,"key":"ElixirPotion"},{"floor":18,"key":"LiquidMemories"},{"floor":21,"key":"DistilledChaos"}],"is_trial":false,"path_per_floor":["M","M","M","?","?","R","$","E","T","M","R","?","E","M","R","B",null,"M","?","?","M","$","R","E","M"],"character_chosen":"IRONCLAD","items_purchased":["Anger","True Grit","PrismaticShard"],"campfire_rested":0,"item_purchase_floors":[7,7,22],"current_hp_per_floor":[69,72,75,75,64,64,64,27,27,31,40,35,18,20,29,9,64,53,53,53,48,48,60,12,10],"gold":180,"neow_bonus":"TEN_PERCENT_HP_BONUS","is_prod":false,"is_daily":false,"chose_seed":false,"campfire_upgraded":4,"win_rate":0,"timestamp":1599877029,"path_taken":["M","M","M","?","?","R","?","E","T","M","R","?","E","M","R","BOSS","M","?","?","M","?","R","E","M"],"build_version":"2020-07-30","purchased_purges":0,"victory":false,"max_hp_per_floor":[82,82,82,82,82,82,82,82,82,82,82,82,82,82,82,82,82,82,82,82,82,82,82,82,82],"card_choices":[{"not_picked":["Warcry","Flex","Heavy Blade"],"picked":"SKIP","floor":1.0},{"not_picked":["Heavy Blade","Blood for Blood"],"picked":"Sword Boomerang","floor":2.0},{"not_picked":["Armaments","Wild Strike"],"picked":"Pommel Strike","floor":3.0},{"not_picked":["Seeing Red","Body Slam"],"picked":"Flame Barrier","floor":8.0},{"not_picked":["Armaments","Hemokinesis"],"picked":"Impervious","floor":10.0},{"not_picked":["Warcry","Evolve","Flex"],"picked":"SKIP","floor":13.0},{"not_picked":["Rage","Iron Wave"],"picked":"Anger","floor":14.0},{"not_picked":["Clash","Dropkick","Body Slam"],"picked":"SKIP","floor":14.0},{"not_picked":["Brutality","Fiend Fire"],"picked":"Juggernaut","floor":16.0},{"not_picked":["Wild Strike","Infernal Blade"],"picked":"Rampage","floor":18},{"not_picked":["Twin Strike","Headbutt+1"],"picked":"Disarm","floor":18},{"not_picked":["Cleave","Perfected Strike"],"picked":"Pommel Strike","floor":21},{"not_picked":["Heavy Blade","Pommel Strike"],"picked":"Twin Strike+1","floor":21},{"not_picked":["Rampage","Havoc","Blizzard"],"picked":"SKIP","floor":24}],"player_experience":509293,"relics_obtained":[{"floor":8.0,"key":"Orichalcum"},{"floor":9.0,"key":"Eternal Feather"},{"floor":13.0,"key":"Art of War"},{"floor":24,"key":"MawBank"}],"event_choices":[{"cards_removed":["Strike_R"],"damage_healed":0.0,"max_hp_gain":0.0,"max_hp_loss":0.0,"gold_gain":0.0,"event_name":"The Cleric","player_choice":"Card Removal","floor":4.0,"gold_loss":75.0,"damage_taken":0.0},{"damage_healed":0.0,"max_hp_gain":0.0,"max_hp_loss":0.0,"gold_gain":75.0,"event_name":"World of Goop","player_choice":"Gather Gold","floor":5.0,"gold_loss":0.0,"damage_taken":11.0},{"damage_healed":0.0,"max_hp_gain":0.0,"max_hp_loss":0.0,"gold_gain":0.0,"event_name":"Scrap Ooze","player_choice":"Success","floor":12.0,"gold_loss":0.0,"damage_taken":5.0,"relics_obtained":["Prayer Wheel"]},{"damage_healed":0,"gold_gain":0,"player_choice":"Read","damage_taken":0,"max_hp_gain":0,"max_hp_loss":0,"event_name":"The Library","floor":19,"gold_loss":0,"cards_obtained":["Disarm"]},{"damage_healed":0,"gold_gain":0,"player_choice":"Ignored","damage_taken":0,"max_hp_gain":0,"max_hp_loss":0,"event_name":"Vampires","floor":20,"gold_loss":0}],"is_beta":false,"boss_relics":[{"not_picked":["Astrolabe","Tiny House"],"picked":"Mark of Pain"}],"items_purged_floors":[],"is_endless":false,"potions_floor_spawned":[2,13,14,16,18,21],"killed_by":"Snake Plant","ascension_level":16}