{"gold_per_floor":[110,123,68,84,84,84,9,9,9,20,20,20,35,66,78,168,180,202,264,296,320,125,125,25,25,106,139,139,173,83,118,118,194,194,206,217,217,52,52,87,87,98,98,98,123,133,133,152,152,152,152,152,2,35,35],"floor_reached":55,"playtime":2952,"items_purged":["Strike_R","Strike_R","Strike_R","Strike_R"],"score":1840,"play_id":"4a0bc42f-c126-4939-a242-9eb03cbb8f96","local_time":"20200921092945","is_ascension_mode":true,"campfire_choices":[{"data":"Body Slam","floor":6.0,"key":"SMITH"},{"data":"Feel No Pain","floor":8.0,"key":"SMITH"},{"data":"Corruption","floor":15.0,"key":"SMITH"},{"data":"Pommel Strike","floor":23.0,"key":"SMITH"},{"data":"Feel No Pain","floor":25.0,"key":"SMITH"},{"data":"True Grit","floor":28.0,"key":"SMITH"},{"data":"Body Slam","floor":32.0,"key":"SMITH"},{"data":"Body Slam","floor":41,"key":"SMITH"},{"data":"Offering","floor":44,"key":"SMITH"},{"data":"Dark Embrace","floor":47,"key":"SMITH"},{"floor":49,"key":"RECALL"},{"data":"Dark Embrace","floor":52,"key":"SMITH"}],"neow_cost":"NONE","seed_source_timestamp":0,"circlet_count":0,"master_deck":["AscendersBane","Strike_R+1","Defend_R","Defend_R","Defend_R+1","Defend_R","Bash","Corruption+1","Entrench+1","Shrug It Off+1","Body Slam+1","Dark Embrace+1","Feel No Pain+1","Sentinel","Shrug It Off","Pommel Strike+1","Shrug It Off","True Grit+1","Shrug It Off","Feel No Pain+1","Body Slam+1","Dark Embrace+1","Offering+1","Body Slam+1","Ghostly Armor"],"special_seed":0,"relics":["Burning Blood","Juzu Bracelet","MawBank","Busted Crown","Letter Opener","InkBottle","Nunchaku","War Paint","SlaversCollar","Pocketwatch","Frozen Egg 2","Paper Frog","Unceasing Top"],"potions_floor_usage":[40,55,55],"damage_taken":[{"damage":9.0,"enemies":"2 Louse","floor":1.0,"turns":4.0},{"damage":7.0,"enemies":"Cultist","floor":2.0,"turns":4.0},{"damage":9.0,"enemies":"Jaw Worm","floor":4.0,"turns":5.0},{"damage":9.0,"enemies":"Large Slime","floor":10.0,"turns":6.0},{"damage":1.0,"enemies":"Looter","floor":13.0,"turns":4.0},{"damage":3.0,"enemies":"Gremlin Nob","floor":14.0,"turns":3.0},{"damage":16.0,"enemies":"Slime Boss","floor":16.0,"turns":4.0},{"damage":14.0,"enemies":"Chosen","floor":18.0,"turns":7.0},{"damage":14.0,"enemies":"Shell Parasite","floor":20.0,"turns":4.0},{"damage":0.0,"enemies":"Snake Plant","floor":21.0,"turns":5.0},{"damage":0.0,"enemies":"Gremlin Leader","floor":27.0,"turns":2.0},{"damage":51.0,"enemies":"Slavers","floor":29.0,"turns":6.0},{"damage":0.0,"enemies":"Gremlin Leader","floor":31.0,"turns":3.0},{"damage":0.0,"enemies":"Champ","floor":33.0,"turns":6.0},{"damage":6,"enemies":"3 Shapes","floor":35,"turns":3},{"damage":17,"enemies":"Orb Walker","floor":36,"turns":3},{"damage":6,"enemies":"Reptomancer","floor":40,"turns":3},{"damage":4,"enemies":"4 Shapes","floor":42,"turns":4},{"damage":6,"enemies":"Giant Head","floor":45,"turns":2},{"damage":0,"enemies":"3 Darklings","floor":46,"turns":2},{"damage":6,"enemies":"Transient","floor":48,"turns":1},{"damage":22,"enemies":"Awakened One","floor":50,"turns":3},{"damage":41,"enemies":"Shield and Spear","floor":54,"turns":3},{"damage":38,"enemies":"The Heart","floor":55,"turns":6}],"seed_played":"-4907378880157279818","potions_obtained":[{"floor":1.0,"key":"GamblersBrew"},{"floor":4.0,"key":"Ancient Potion"},{"floor":13.0,"key":"FearPotion"},{"floor":16.0,"key":"Fruit Juice"},{"floor":20.0,"key":"SkillPotion"},{"floor":29.0,"key":"Fire Potion"},{"floor":31.0,"key":"Explosive Potion"},{"floor":35,"key":"Ancient Potion"},{"floor":40,"key":"Strength Potion"}],"is_trial":false,"path_per_floor":["M","M","$","M","?","R","$","R","T","M","?","?","M","E","R","B",null,"M","?","M","M","$","R","$","R","T","E","R","E","$","E","R","B",null,"M","M","?","$","T","E","R","M","T","R","E","M","R","M","R","B",null,"R","$","E","B"],"character_chosen":"IRONCLAD","items_purchased":["Body Slam","Feel No Pain","Shrug It Off","Feel No Pain","Dark Embrace","Ghostly Armor"],"campfire_rested":0,"item_purchase_floors":[3,7,22,22,30,38],"current_hp_per_floor":[65,64,64,61,61,61,61,61,61,58,35,35,40,43,43,33,65,57,57,54,60,60,60,60,60,60,66,66,21,21,27,27,33,68,68,57,57,57,57,57,57,59,59,59,59,65,65,65,65,49,72,72,72,37,0],"gold":35,"neow_bonus":"ONE_RANDOM_RARE_CARD","is_prod":false,"is_daily":false,"chose_seed":false,"campfire_upgraded":11,"win_rate":0,"timestamp":1600698585,"path_taken":["M","M","$","M","?","R","$","R","T","M","?","?","M","E","R","BOSS","M","?","M","M","?","R","$","R","T","E","R","E","$","E","R","BOSS","BOSS","M","M","?","?","?","E","R","M","T","R","E","M","R","M","R","BOSS","R","$","E","BOSS"],"build_version":"2020-07-30","purchased_purges":4,"victory":false,"max_hp_per_floor":[75,75,75,75,75,75,75,75,75,75,75,75,75,75,75,75,75,75,75,80,80,80,80,80,80,80,80,80,80,80,80,80,80,80,80,80,80,80,80,80,80,80,80,80,80,80,80,80,80,80,80,80,80,80,80],"card_choices":[{"not_picked":["Sword Boomerang","Perfected Strike"],"picked":"Entrench","floor":1.0},{"not_picked":["Twin Strike","Warcry"],"picked":"Shrug It Off","floor":2.0},{"not_picked":["Flex","Sword Boomerang"],"picked":"Dark Embrace","floor":4.0},{"not_picked":["Whirlwind","Havoc","Rupture"],"picked":"SKIP","floor":10.0},{"not_picked":["Inflame","Power Through"],"picked":"Shrug It Off","floor":13.0},{"not_picked":["Inflame","Bloodletting","Intimidate"],"picked":"SKIP","floor":14.0},{"not_picked":[],"picked":"Pommel Strike","floor":18.0},{"not_picked":[],"picked":"Shrug It Off","floor":20.0},{"not_picked":[],"picked":"True Grit","floor":21.0},{"not_picked":["Sword Boomerang"],"picked":"SKIP","floor":27.0},{"not_picked":[],"picked":"Body Slam","floor":29.0},{"not_picked":["Sever Soul"],"picked":"SKIP","floor":31.0},{"not_picked":[],"picked":"Offering","floor":33},{"not_picked":["Headbutt"],"picked":"SKIP","floor":35},{"not_picked":[],"picked":"Body Slam","floor":36},{"not_picked":["Body Slam+1"],"picked":"SKIP","floor":40},{"not_picked":["Armaments"],"picked":"SKIP","floor":42},{"not_picked":["Uppercut"],"picked":"SKIP","floor":45},{"not_picked":["Sword Boomerang"],"picked":"SKIP","floor":46},{"not_picked":["Armaments"],"picked":"SKIP","floor":48},{"not_picked":["Sword Boomerang"],"picked":"SKIP","floor":54}],"player_experience":633795,"relics_obtained":[{"floor":9.0,"key":"Juzu Bracelet"},{"floor":14.0,"key":"MawBank"},{"floor":26.0,"key":"Letter Opener"},{"floor":27.0,"key":"InkBottle"},{"floor":29.0,"key":"Nunchaku"},{"floor":31.0,"key":"War Paint"},{"floor":39,"key":"Pocketwatch"},{"floor":40,"key":"Frozen Egg 2"},{"floor":45,"key":"Paper Frog"},{"floor":54,"key":"Unceasing Top"}],"event_choices":[{"damage_healed":0.0,"max_hp_gain":0.0,"max_hp_loss":0.0,"gold_gain":0.0,"event_name":"The Cleric","player_choice":"Leave","floor":5.0,"gold_loss":0.0,"damage_taken":0.0},{"damage_healed":0.0,"max_hp_gain":0.0,"max_hp_loss":0.0,"gold_gain":0.0,"event_name":"Shining Light","player_choice":"Entered Light","floor":11.0,"gold_loss":0.0,"damage_taken":23.0,"cards_upgraded":["Defend_R","Strike_R"]},{"damage_healed":0.0,"max_hp_gain":0.0,"max_hp_loss":0.0,"gold_gain":0.0,"event_name":"Match and Keep!","player_choice":"1 cards matched","floor":12.0,"gold_loss":0.0,"damage_taken":0.0,"cards_obtained":["Sentinel"]},{"damage_healed":0.0,"max_hp_gain":0.0,"max_hp_loss":0.0,"gold_gain":100.0,"event_name":"The Joust","player_choice":"Bet on Murderer","floor":19.0,"gold_loss":50.0,"damage_taken":0.0},{"damage_healed":0,"gold_gain":0,"player_choice":"0 cards matched","damage_taken":0,"max_hp_gain":0,"max_hp_loss":0,"event_name":"Match and Keep!","floor":37,"gold_loss":0,"cards_obtained":[]}],"is_beta":false,"boss_relics":[{"not_picked":["Calling Bell","Runic Cube"],"picked":"Busted Crown"},{"not_picked":["Fusion Hammer","Tiny House"],"picked":"SlaversCollar"}],"items_purged_floors":[22,24,38,53],"is_endless":false,"potions_floor_spawned":[1,4,13,16,20,27,29,31,35,40,46],"killed_by":"The Heart","ascension_level":19}