{"gold_per_floor":[117,267,267,280,205,237,98,129,152,216,227,241,50,80,80,154,154,168,93,17,33,50,84,84,117,117,117,117,150,161,177,177,248,248,266,1265,757,768,822,822,853,853,908,958,958,969,996,297,297,297,297,297,1,27,27],"floor_reached":56,"playtime":7018,"items_purged":["Strike_R","Strike_R","Strike_R"],"score":2258,"play_id":"9e1ac65f-3257-419d-8614-7e6c7c8505c4","local_time":"20200919164114","is_ascension_mode":true,"campfire_choices":[{"data":"Fire Breathing","floor":15.0,"key":"SMITH"},{"data":"Evolve","floor":24.0,"key":"SMITH"},{"floor":28.0,"key":"REST"},{"data":"Feel No Pain","floor":32.0,"key":"SMITH"},{"data":"Battle Trance","floor":40,"key":"SMITH"},{"data":"Fire Breathing","floor":45,"key":"SMITH"},{"floor":49,"key":"RECALL"},{"data":"Barricade","floor":52,"key":"SMITH"}],"neow_cost":"NONE","seed_source_timestamp":974797913745500,"circlet_count":0,"master_deck":["AscendersBane","Strike_R+1","Defend_R","Defend_R","Defend_R","Defend_R","Bash","Clothesline","Shrug It Off","Fire Breathing+1","Battle Trance+1","Second Wind","Fire Breathing+1","Power Through","Flame Barrier","Shrug It Off","Fiend Fire+1","Battle Trance","Feel No Pain+1","Fire Breathing","Evolve+1","Wild Strike+1","Fire Breathing+1","Bash","Second Wind","Impervious","Second Wind","Feel No Pain+1","Body Slam+1","Pommel Strike+1","Parasite","Shrug It Off","Barricade+1","Entrench","Dark Embrace","Feel No Pain","True Grit","Ghostly Armor"],"special_seed":0,"relics":["Burning Blood","NeowsBlessing","Lantern","Juzu Bracelet","Prayer Wheel","Strawberry","Blood Vial","Mark of Pain","Orichalcum","Matryoshka","Omamori","Meat on the Bone","Runic Cube","Bag of Preparation","DollysMirror","Anchor","Smiling Mask","Eternal Feather","Whetstone","HornCleat","Bottled Tornado","Centennial Puzzle","Bronze Scales","Pear"],"potions_floor_usage":[33,47,54],"damage_taken":[{"damage":0.0,"enemies":"Jaw Worm","floor":1.0,"turns":1.0},{"damage":0.0,"enemies":"2 Louse","floor":4.0,"turns":1.0},{"damage":0.0,"enemies":"Lagavulin","floor":6.0,"turns":1.0},{"damage":43.0,"enemies":"Gremlin Nob","floor":8.0,"turns":5.0},{"damage":9.0,"enemies":"Small Slimes","floor":11.0,"turns":4.0},{"damage":18.0,"enemies":"Exordium Thugs","floor":12.0,"turns":4.0},{"damage":7.0,"enemies":"3 Sentries","floor":14.0,"turns":3.0},{"damage":28.0,"enemies":"The Guardian","floor":16.0,"turns":13.0},{"damage":16.0,"enemies":"Spheric Guardian","floor":18.0,"turns":5.0},{"damage":8.0,"enemies":"3 Byrds","floor":21.0,"turns":4.0},{"damage":6.0,"enemies":"Snake Plant","floor":22.0,"turns":4.0},{"damage":22.0,"enemies":"Book of Stabbing","floor":23.0,"turns":5.0},{"damage":42.0,"enemies":"Gremlin Leader","floor":25.0,"turns":5.0},{"damage":25.0,"enemies":"Slavers","floor":29.0,"turns":4.0},{"damage":9.0,"enemies":"Snecko","floor":30.0,"turns":4.0},{"damage":12.0,"enemies":"3 Cultists","floor":31.0,"turns":5.0},{"damage":19,"enemies":"Champ","floor":33,"turns":8},{"damage":4,"enemies":"Orb Walker","floor":35,"turns":4},{"damage":0,"enemies":"3 Shapes","floor":38,"turns":4},{"damage":40,"enemies":"Nemesis","floor":41,"turns":6},{"damage":0,"enemies":"Writhing Mass","floor":46,"turns":6},{"damage":30,"enemies":"Giant Head","floor":47,"turns":9},{"damage":20,"enemies":"Time Eater","floor":50,"turns":9},{"damage":25,"enemies":"Shield and Spear","floor":54,"turns":6},{"damage":60,"enemies":"The Heart","floor":55,"turns":8}],"seed_played":"-7188804365743227705","potions_obtained":[{"floor":8.0,"key":"Swift Potion"},{"floor":11.0,"key":"GamblersBrew"},{"floor":12.0,"key":"CultistPotion"},{"floor":23.0,"key":"FearPotion"},{"floor":31.0,"key":"LiquidBronze"},{"floor":46,"key":"SkillPotion"}],"is_trial":false,"path_per_floor":["M","?","?","M","?","E","$","E","T","?","M","M","$","E","R","B",null,"M","?","$","M","M","E","R","E","T","?","R","E","M","M","R","B",null,"M","?","$","M","T","R","E","?","T","?","R","M","E","$","R","B",null,"R","$","E","B",null],"character_chosen":"IRONCLAD","items_purchased":["Battle Trance","Pommel Strike","Flame Barrier","Shrug It Off","Feel No Pain","Bag of Preparation","Second Wind","DollysMirror","Entrench","Bottled Tornado","LiquidMemories","Dark Embrace","Centennial Puzzle","Feel No Pain","Bronze Scales","True Grit"],"campfire_rested":1,"item_purchase_floors":[7,7,13,13,20,37,37,37,48,48,48,48,48,53,53,53],"current_hp_per_floor":[74,74,69,75,75,75,75,38,45,45,42,30,30,29,29,9,64,56,56,56,56,58,44,44,10,10,10,34,17,28,36,36,37,71,75,75,75,82,82,82,48,48,48,48,66,74,52,52,73,61,77,82,82,73,33],"gold":27,"neow_bonus":"THREE_ENEMY_KILL","is_prod":false,"is_daily":false,"chose_seed":false,"campfire_upgraded":6,"win_rate":0,"timestamp":1600551674,"path_taken":["M","?","?","M","?","E","$","E","T","?","M","M","$","E","R","BOSS","M","?","$","M","M","E","R","E","T","?","R","E","M","M","R","BOSS","M","?","$","M","?","R","E","?","T","?","R","M","E","$","R","BOSS","R","$","E","BOSS"],"build_version":"2020-07-30","purchased_purges":3,"victory":true,"max_hp_per_floor":[75,75,75,75,75,75,75,75,82,82,82,82,82,82,82,82,82,82,82,82,82,82,82,82,82,82,82,82,82,82,82,82,82,82,82,82,82,82,82,82,82,82,82,82,82,82,82,82,82,82,82,82,82,92,92],"card_choices":[{"not_picked":["Havoc","Entrench"],"picked":"Clothesline","floor":1.0},{"not_picked":["Pommel Strike","Headbutt"],"picked":"Shrug It Off","floor":4.0},{"not_picked":["Heavy Blade","Iron Wave"],"picked":"Fire Breathing","floor":6.0},{"not_picked":["Dropkick","Havoc"],"picked":"Second Wind","floor":8.0},{"not_picked":["Armaments","Feel No Pain"],"picked":"Fire Breathing","floor":11.0},{"not_picked":["Seeing Red","Sword Boomerang"],"picked":"Power Through","floor":11.0},{"not_picked":["Headbutt","Flex","Hemokinesis"],"picked":"SKIP","floor":12.0},{"not_picked":["Flex","Bludgeon","Body Slam"],"picked":"SKIP","floor":12.0},{"not_picked":["Body Slam","Pummel","Sword Boomerang"],"picked":"SKIP","floor":14.0},{"not_picked":["Reaper","Berserk"],"picked":"Fiend Fire","floor":16.0},{"not_picked":["True Grit","Reckless Charge"],"picked":"Battle Trance","floor":18.0},{"not_picked":["Perfected Strike","Inflame","Clash"],"picked":"SKIP","floor":18.0},{"not_picked":["Body Slam","Cleave"],"picked":"Fire Breathing","floor":21.0},{"not_picked":["Cleave+1","Metallicize"],"picked":"Evolve","floor":21.0},{"not_picked":["Combust","Body Slam"],"picked":"Wild Strike+1","floor":22.0},{"not_picked":["Twin Strike","Clash+1","Perfected Strike"],"picked":"SKIP","floor":22.0},{"not_picked":["Twin Strike","Anger"],"picked":"Fire Breathing+1","floor":23.0},{"not_picked":["Clash+1","Perfected Strike","Whirlwind"],"picked":"SKIP","floor":25.0},{"not_picked":["Whirlwind","Iron Wave"],"picked":"Second Wind","floor":29.0},{"not_picked":["Clothesline","Carnage","Double Tap"],"picked":"SKIP","floor":30.0},{"not_picked":["Body Slam","Rupture","Clothesline"],"picked":"SKIP","floor":30.0},{"not_picked":["Anger","Twin Strike","Cleave"],"picked":"SKIP","floor":31.0},{"not_picked":["Flex","Rage+1","True Grit"],"picked":"SKIP","floor":31.0},{"not_picked":["Barricade","Brutality"],"picked":"Impervious","floor":33},{"not_picked":["Body Slam","Clothesline","Searing Blow"],"picked":"SKIP","floor":35},{"not_picked":["Cleave","Anger+1","Searing Blow+1"],"picked":"SKIP","floor":35},{"not_picked":["True Grit","Clash"],"picked":"Body Slam+1","floor":38},{"not_picked":["Twin Strike","Blood for Blood","Fiend Fire"],"picked":"SKIP","floor":38},{"not_picked":["Twin Strike+1","Flame Barrier"],"picked":"Pommel Strike+1","floor":41},{"not_picked":["Body Slam+1","Perfected Strike+1"],"picked":"Shrug It Off","floor":46},{"not_picked":["Havoc","Searing Blow","Iron Wave"],"picked":"SKIP","floor":46},{"not_picked":["Disarm+1","Wild Strike"],"picked":"Barricade","floor":47},{"not_picked":["Fire Breathing","Twin Strike+1"],"picked":"Ghostly Armor","floor":54}],"player_experience":600820,"relics_obtained":[{"floor":6.0,"key":"Juzu Bracelet"},{"floor":8.0,"key":"Prayer Wheel"},{"floor":9.0,"key":"Strawberry"},{"floor":14.0,"key":"Blood Vial"},{"floor":23.0,"key":"Orichalcum"},{"floor":25.0,"key":"Matryoshka"},{"floor":26.0,"key":"Omamori"},{"floor":29.0,"key":"Meat on the Bone"},{"floor":39,"key":"Anchor"},{"floor":39,"key":"Smiling Mask"},{"floor":41,"key":"Eternal Feather"},{"floor":43,"key":"Whetstone"},{"floor":47,"key":"HornCleat"},{"floor":54,"key":"Pear"}],"event_choices":[{"damage_healed":0.0,"max_hp_gain":0.0,"max_hp_loss":0.0,"gold_gain":150.0,"event_name":"Liars Game","player_choice":"AGREE","floor":2.0,"gold_loss":0.0,"damage_taken":0.0,"cards_obtained":["Doubt"]},{"damage_healed":0.0,"max_hp_gain":0.0,"max_hp_loss":0.0,"gold_gain":0.0,"event_name":"Scrap Ooze","player_choice":"Success","floor":3.0,"gold_loss":0.0,"damage_taken":5.0,"relics_obtained":["Lantern"]},{"cards_removed":["Doubt"],"damage_healed":0.0,"max_hp_gain":0.0,"max_hp_loss":0.0,"gold_gain":0.0,"event_name":"The Cleric","player_choice":"Card Removal","floor":5.0,"gold_loss":75.0,"damage_taken":0.0},{"damage_healed":0.0,"max_hp_gain":0.0,"max_hp_loss":0.0,"gold_gain":64.0,"event_name":"Golden Wing","player_choice":"Gained Gold","floor":10.0,"gold_loss":0.0,"damage_taken":0.0},{"cards_removed":["Strike_R"],"damage_healed":0.0,"max_hp_gain":0.0,"max_hp_loss":0.0,"gold_gain":0.0,"event_name":"Beggar","player_choice":"Gave Gold","floor":19.0,"gold_loss":75.0,"damage_taken":0.0},{"damage_healed":0.0,"max_hp_gain":0.0,"max_hp_loss":0.0,"gold_gain":0.0,"event_name":"Match and Keep!","player_choice":"1 cards matched","floor":27.0,"gold_loss":0.0,"damage_taken":0.0,"cards_obtained":["Bash"]},{"damage_healed":0,"gold_gain":999,"player_choice":"Gold","damage_taken":0,"max_hp_gain":0,"max_hp_loss":0,"event_name":"MindBloom","floor":36,"gold_loss":0,"cards_obtained":["Normality","Normality"]},{"cards_removed":["Pommel Strike"],"damage_healed":0,"gold_gain":0,"player_choice":"Removed Attack","damage_taken":0,"max_hp_gain":0,"max_hp_loss":0,"event_name":"Falling","floor":42,"gold_loss":0},{"damage_healed":0,"gold_gain":50,"player_choice":"Pray","damage_taken":0,"max_hp_gain":0,"max_hp_loss":0,"event_name":"Golden Shrine","floor":44,"gold_loss":0}],"is_beta":false,"boss_relics":[{"not_picked":["SacredBark","Runic Pyramid"],"picked":"Mark of Pain"},{"not_picked":["Tiny House","Calling Bell"],"picked":"Runic Cube"}],"items_purged_floors":[13,37,48],"is_endless":false,"potions_floor_spawned":[8,11,12,23,31,46],"ascension_level":18}