{"gold_per_floor":[119,89,89,106,116,147,147,180,206,234,275,307,319,345,357,442,454,484,332,380,380],"floor_reached":21,"playtime":1383,"items_purged":["Strike_R"],"score":394,"play_id":"dfd1e56b-2ef1-45c2-9333-bacba94c776e","local_time":"20200924203333","is_ascension_mode":true,"campfire_choices":[{"data":"True Grit","floor":7,"key":"SMITH"},{"data":"Inflame","floor":15,"key":"SMITH"}],"neow_cost":"NONE","seed_source_timestamp":1426628344870100,"circlet_count":0,"master_deck":["AscendersBane","Strike_R","Strike_R","Strike_R","Defend_R","Defend_R","Defend_R","Defend_R","Bash","Armaments","True Grit+1","Reaper","Inflame+1","True Grit","Carnage","Clothesline","Berserk+1","Offering","Shrug It Off","Feel No Pain+1"],"relics":["SlaversCollar","Tiny Chest","Blood Vial","MawBank","Frozen Egg 2","Odd Mushroom","Velvet Choker","Juzu Bracelet"],"potions_floor_usage":[6,10],"damage_taken":[{"damage":11,"enemies":"Jaw Worm","floor":1,"turns":6},{"damage":2,"enemies":"Cultist","floor":4,"turns":4},{"damage":2,"enemies":"2 Louse","floor":5,"turns":4},{"damage":8,"enemies":"Gremlin Nob","floor":6,"turns":3},{"damage":31,"enemies":"Lagavulin","floor":8,"turns":8},{"damage":1,"enemies":"Large Slime","floor":10,"turns":5},{"damage":35,"enemies":"3 Sentries","floor":11,"turns":14},{"damage":27,"enemies":"The Mushroom Lair","floor":12,"turns":4},{"damage":33,"enemies":"Lots of Slimes","floor":14,"turns":4},{"damage":9,"enemies":"The Guardian","floor":16,"turns":11},{"damage":24,"enemies":"Spheric Guardian","floor":18,"turns":4},{"damage":18,"enemies":"3 Byrds","floor":21,"turns":4}],"seed_played":"-1584646501058392280","potions_obtained":[{"floor":2,"key":"SneckoOil"},{"floor":2,"key":"FearPotion"},{"floor":4,"key":"AttackPotion"},{"floor":5,"key":"Fire Potion"},{"floor":8,"key":"FairyPotion"},{"floor":14,"key":"Energy Potion"},{"floor":16,"key":"Dexterity Potion"}],"is_trial":false,"path_per_floor":["M","?","$","M","M","E","R","E","T","M","E","?","?","M","R","B",null,"M","$","T","M"],"character_chosen":"IRONCLAD","items_purchased":["Feel No Pain+1"],"campfire_rested":0,"item_purchase_floors":[19],"current_hp_per_floor":[57,57,57,55,53,45,45,14,14,27,12,5,5,22,22,22,62,40,40,40,24],"gold":380,"neow_bonus":"BOSS_RELIC","is_prod":false,"is_daily":false,"chose_seed":false,"campfire_upgraded":2,"win_rate":0,"timestamp":1600997613,"path_taken":["M","?","$","?","M","E","R","E","T","M","E","?","?","?","R","BOSS","M","$","?","M"],"build_version":"2020-07-30","purchased_purges":1,"victory":false,"max_hp_per_floor":[75,75,75,75,75,75,75,75,75,75,75,75,75,75,75,75,75,75,75,75,75],"card_choices":[{"not_picked":["Flex","Thunderclap"],"picked":"Armaments","floor":1},{"not_picked":["Iron Wave","Heavy Blade","Armaments"],"picked":"SKIP","floor":4},{"not_picked":["Reckless Charge","Flex"],"picked":"True Grit","floor":5},{"not_picked":["Power Through","Rampage"],"picked":"Reaper","floor":6},{"not_picked":["Whirlwind","Perfected Strike"],"picked":"Inflame","floor":8},{"not_picked":["Sword Boomerang","Body Slam"],"picked":"True Grit","floor":10},{"not_picked":["Havoc","Berserk+1"],"picked":"Carnage","floor":11},{"not_picked":["Sentinel","Searing Blow"],"picked":"Clothesline","floor":12},{"not_picked":["Anger","Clothesline","Second Wind"],"picked":"SKIP","floor":14},{"not_picked":["Double Tap","Exhume"],"picked":"Offering","floor":16},{"not_picked":["Thunderclap","Sword Boomerang"],"picked":"Shrug It Off","floor":18}],"player_experience":771618,"relics_obtained":[{"floor":6,"key":"Tiny Chest"},{"floor":8,"key":"Blood Vial"},{"floor":9,"key":"MawBank"},{"floor":11,"key":"Frozen Egg 2"},{"floor":12,"key":"Odd Mushroom"},{"floor":20,"key":"Juzu Bracelet"}],"event_choices":[{"damage_healed":0,"gold_gain":0,"player_choice":"Bought 2 Potions","damage_taken":0,"max_hp_gain":0,"max_hp_loss":0,"event_name":"The Woman in Blue","floor":2,"gold_loss":0},{"damage_healed":0,"gold_gain":0,"player_choice":"Fought Mushrooms","damage_taken":0,"max_hp_gain":0,"max_hp_loss":0,"event_name":"Mushrooms","floor":12,"gold_loss":0},{"damage_healed":0,"gold_gain":0,"cards_transformed":["Strike_R"],"player_choice":"Transformed","damage_taken":0,"max_hp_gain":0,"max_hp_loss":0,"event_name":"Transmorgrifier","floor":13,"gold_loss":0,"cards_obtained":["Berserk"]}],"is_beta":false,"boss_relics":[{"not_picked":["Black Star","Mark of Pain"],"picked":"Velvet Choker"}],"items_purged_floors":[19],"is_endless":false,"potions_floor_spawned":[4,5,8,14,16],"killed_by":"3 Byrds","ascension_level":20}