{"gold_per_floor":[109,109,126,126,142,167,167,194,240,240],"floor_reached":10,"playtime":442,"items_purged":[],"score":144,"play_id":"191bfe2a-ed22-4de9-b258-ee9a17f53d90","local_time":"20200919143836","is_ascension_mode":true,"campfire_choices":[{"data":"Anger","floor":7,"key":"SMITH"}],"neow_cost":"NONE","seed_source_timestamp":974260657813600,"circlet_count":0,"master_deck":["AscendersBane","Strike_R","Strike_R","Strike_R","Strike_R","Defend_R","Defend_R","Defend_R","Defend_R","Bash","Cleave","Anger+1","Ghostly Armor","Fire Breathing"],"relics":["Burning Blood","The Courier","Toy Ornithopter","MealTicket","Lantern"],"potions_floor_usage":[6,8],"damage_taken":[{"damage":12,"enemies":"Cultist","floor":1,"turns":5},{"damage":8,"enemies":"2 Louse","floor":3,"turns":2},{"damage":7,"enemies":"Small Slimes","floor":5,"turns":4},{"damage":30,"enemies":"Lagavulin","floor":6,"turns":7},{"damage":28,"enemies":"Gremlin Nob","floor":8,"turns":4},{"damage":21,"enemies":"Exordium Wildlife","floor":10,"turns":5}],"seed_played":"-2460254367834541973","potions_obtained":[{"floor":3,"key":"DuplicationPotion"},{"floor":6,"key":"AttackPotion"}],"is_trial":false,"path_per_floor":["M","?","M","?","M","E","R","E","T","M"],"character_chosen":"IRONCLAD","items_purchased":[],"campfire_rested":0,"item_purchase_floors":[],"current_hp_per_floor":[69,64,62,62,61,37,37,20,20,0],"gold":240,"neow_bonus":"TEN_PERCENT_HP_BONUS","is_prod":false,"is_daily":false,"chose_seed":false,"campfire_upgraded":1,"win_rate":0,"timestamp":1600544316,"path_taken":["M","?","M","?","M","E","R","E","T","M"],"build_version":"2020-07-30","purchased_purges":0,"victory":false,"max_hp_per_floor":[82,82,82,82,82,82,82,82,82,82],"card_choices":[{"not_picked":["Body Slam","Iron Wave"],"picked":"Cleave","floor":1},{"not_picked":["Twin Strike","Headbutt"],"picked":"Anger","floor":3},{"not_picked":["Perfected Strike","Burning Pact"],"picked":"Ghostly Armor","floor":5},{"not_picked":["Sword Boomerang","Warcry","Anger"],"picked":"SKIP","floor":6},{"not_picked":["Body Slam","Ghostly Armor"],"picked":"Fire Breathing","floor":8}],"player_experience":600378,"relics_obtained":[{"floor":6,"key":"Toy Ornithopter"},{"floor":8,"key":"MealTicket"},{"floor":9,"key":"Lantern"}],"event_choices":[{"damage_healed":0,"gold_gain":0,"player_choice":"Success","damage_taken":5,"relics_obtained":["The Courier"],"max_hp_gain":0,"max_hp_loss":0,"event_name":"Scrap Ooze","floor":2,"gold_loss":0},{"cards_removed":["Strike_R"],"damage_healed":0,"gold_gain":0,"player_choice":"Card Removal","damage_taken":0,"max_hp_gain":0,"max_hp_loss":0,"event_name":"Wheel of Change","floor":4,"gold_loss":0}],"is_beta":false,"boss_relics":[],"items_purged_floors":[],"is_endless":false,"potions_floor_spawned":[3,6],"killed_by":"Exordium Wildlife","ascension_level":18}