{"gold_per_floor":[112,130,43,43,57,86,86,86,158,176,12,45,45,65,65,143,143,154,126,76,76],"floor_reached":21,"playtime":1285,"items_purged":[],"score":378,"play_id":"894f1666-8944-4b72-a635-6aa113ae5da2","local_time":"20200923172522","is_ascension_mode":true,"campfire_choices":[{"data":"Feel No Pain","floor":8,"key":"SMITH"},{"data":"Anger","floor":13,"key":"SMITH"},{"data":"Dark Embrace","floor":15,"key":"SMITH"}],"neow_cost":"NONE","seed_source_timestamp":1328973045512900,"circlet_count":0,"master_deck":["AscendersBane","Strike_R+1","Strike_R","Defend_R","Defend_R","Defend_R","Defend_R","Bash","Feel No Pain+1","Uppercut+1","Dark Embrace+1","Anger+1","Burning Pact","Body Slam","Barricade","Seeing Red+1","Berserk+1","Armaments+1","Seeing Red","Power Through","Pommel Strike"],"special_seed":0,"relics":["Burning Blood","Whetstone","Bottled Flame","Oddly Smooth Stone","Pantograph","Astrolabe"],"potions_floor_usage":[19],"damage_taken":[{"damage":4.0,"enemies":"Small Slimes","floor":1.0,"turns":4.0},{"damage":6.0,"enemies":"2 Louse","floor":2.0,"turns":4.0},{"damage":6.0,"enemies":"Cultist","floor":5.0,"turns":3.0},{"damage":15,"enemies":"3 Sentries","floor":6,"turns":12},{"damage":8,"enemies":"Gremlin Gang","floor":10,"turns":7},{"damage":30,"enemies":"Gremlin Nob","floor":12,"turns":4},{"damage":2,"enemies":"Looter","floor":14,"turns":3},{"damage":57,"enemies":"The Guardian","floor":16,"turns":12},{"damage":48,"enemies":"Spheric Guardian","floor":18,"turns":8},{"damage":22,"enemies":"2 Thieves","floor":19,"turns":4},{"damage":0,"enemies":"Snecko","floor":21,"turns":4}],"seed_played":"-2167162863530597391","potions_obtained":[{"floor":5.0,"key":"SmokeBomb"},{"floor":7,"key":"PowerPotion"},{"floor":7,"key":"DistilledChaos"},{"floor":12,"key":"Explosive Potion"},{"floor":16,"key":"BloodPotion"},{"floor":19,"key":"FearPotion"}],"is_trial":false,"path_per_floor":["M","M","$","?","M","E","?","R","T","M","$","E","R","M","R","B",null,"M","M","$","M"],"character_chosen":"IRONCLAD","items_purchased":["Uppercut","Oddly Smooth Stone","Pommel Strike"],"campfire_rested":0,"item_purchase_floors":[3,11,20],"current_hp_per_floor":[77,77,77,77,77,68,68,68,68,66,66,42,42,46,46,20,67,25,25,25,25],"gold":76,"neow_bonus":"TEN_PERCENT_HP_BONUS","is_prod":false,"is_daily":false,"chose_seed":false,"campfire_upgraded":3,"win_rate":0,"timestamp":1600899922,"path_taken":["M","M","$","?","M","E","?","R","T","?","$","E","R","M","R","BOSS","M","?","$","M"],"build_version":"2020-07-30","purchased_purges":0,"victory":false,"max_hp_per_floor":[82,82,82,82,82,82,82,82,82,82,82,82,82,82,82,82,82,82,82,82,82],"card_choices":[{"not_picked":["Sword Boomerang","Flex"],"picked":"Feel No Pain","floor":1.0},{"not_picked":["Second Wind","Infernal Blade","Headbutt"],"picked":"SKIP","floor":2.0},{"not_picked":["Clothesline","Iron Wave"],"picked":"Dark Embrace","floor":5.0},{"not_picked":["Heavy Blade","Bloodletting"],"picked":"Anger","floor":6},{"not_picked":["Combust","Brutality","Iron Wave"],"picked":"SKIP","floor":10},{"not_picked":["Flex","Clash"],"picked":"Burning Pact","floor":12},{"not_picked":["Hemokinesis","Heavy Blade"],"picked":"Body Slam","floor":14},{"not_picked":["Impervious","Juggernaut"],"picked":"Barricade","floor":16},{"not_picked":["Second Wind","Cleave+1"],"picked":"Seeing Red","floor":18},{"not_picked":["Twin Strike","Combust"],"picked":"Power Through","floor":19}],"player_experience":733078,"relics_obtained":[{"floor":6,"key":"Whetstone"},{"floor":9,"key":"Bottled Flame"},{"floor":12,"key":"Pantograph"}],"event_choices":[{"damage_healed":0.0,"max_hp_gain":0.0,"max_hp_loss":0.0,"gold_gain":0.0,"event_name":"Liars Game","player_choice":"Ignored","floor":4.0,"gold_loss":0.0,"damage_taken":0.0},{"damage_healed":0,"gold_gain":0,"player_choice":"Got Potions","damage_taken":0,"max_hp_gain":0,"max_hp_loss":0,"event_name":"Lab","floor":7,"gold_loss":0}],"is_beta":false,"boss_relics":[{"not_picked":["SlaversCollar","Black Blood"],"picked":"Astrolabe"}],"items_purged_floors":[],"is_endless":false,"potions_floor_spawned":[5,12,14,16,19],"killed_by":"Snecko","ascension_level":20}