{"gold_per_floor":[216,229,229,244,260,295,295,330,330,330,346,29,59,76,76,76],"floor_reached":16,"playtime":763,"items_purged":[],"score":218,"play_id":"451fafe0-7b9c-47fc-8be3-c36be6407daa","local_time":"20200920234815","is_ascension_mode":true,"campfire_choices":[{"floor":10,"key":"REST"},{"data":"Immolate","floor":15,"key":"SMITH"}],"neow_cost":"NONE","seed_source_timestamp":1093322080422499,"circlet_count":0,"master_deck":["AscendersBane","Strike_R","Strike_R","Strike_R","Strike_R","Defend_R","Defend_R","Defend_R","Defend_R","Bash","Armaments","Inflame","Blood for Blood","Sword Boomerang","Sword Boomerang","Flex","Immolate+1","Wild Strike","Twin Strike","Hemokinesis"],"relics":["Burning Blood","MealTicket","Magic Flower","Darkstone Periapt","Membership Card","Singing Bowl","White Beast Statue"],"potions_floor_usage":[16],"damage_taken":[{"damage":17,"enemies":"Small Slimes","floor":1,"turns":6},{"damage":7,"enemies":"Jaw Worm","floor":2,"turns":5},{"damage":2,"enemies":"2 Louse","floor":4,"turns":4},{"damage":14,"enemies":"Red Slaver","floor":5,"turns":2},{"damage":32,"enemies":"Gremlin Nob","floor":6,"turns":4},{"damage":22,"enemies":"Lagavulin","floor":8,"turns":7},{"damage":0,"enemies":"3 Louse","floor":11,"turns":1},{"damage":14,"enemies":"Lots of Slimes","floor":14,"turns":4},{"damage":77,"enemies":"The Guardian","floor":16,"turns":8}],"seed_played":"7719639585574839043","potions_obtained":[{"floor":1,"key":"SpeedPotion"},{"floor":2,"key":"BloodPotion"},{"floor":11,"key":"Explosive Potion"}],"is_trial":false,"path_per_floor":["M","M","?","M","M","E","?","E","T","R","M","$","?","M","R","B"],"character_chosen":"IRONCLAD","items_purchased":["Membership Card","Singing Bowl","Twin Strike"],"campfire_rested":1,"item_purchase_floors":[12,12,12],"current_hp_per_floor":[57,56,56,60,52,26,26,10,10,32,41,56,56,51,51,0],"gold":76,"neow_bonus":"HUNDRED_GOLD","is_prod":false,"is_daily":false,"chose_seed":false,"campfire_upgraded":1,"win_rate":0,"timestamp":1600663695,"path_taken":["M","M","?","M","M","E","?","E","T","R","M","$","?","M","R","BOSS"],"build_version":"2020-07-30","purchased_purges":0,"victory":false,"max_hp_per_floor":[75,75,75,75,75,75,75,75,75,75,75,75,75,75,75,75],"card_choices":[{"not_picked":["Rage","Reckless Charge"],"picked":"Armaments","floor":1},{"not_picked":["True Grit","Clothesline"],"picked":"Inflame","floor":2},{"not_picked":["Berserk","Flex"],"picked":"Sword Boomerang","floor":4},{"not_picked":["Wild Strike","Clothesline"],"picked":"Sword Boomerang","floor":5},{"not_picked":["Clothesline","Combust"],"picked":"Flex","floor":6},{"not_picked":["Body Slam","Pommel Strike"],"picked":"Immolate","floor":8},{"not_picked":["Burning Pact","Headbutt"],"picked":"Wild Strike","floor":11},{"not_picked":["Dual Wield","Thunderclap"],"picked":"Hemokinesis","floor":14}],"player_experience":633032,"relics_obtained":[{"floor":6,"key":"MealTicket"},{"floor":8,"key":"Magic Flower"},{"floor":9,"key":"Darkstone Periapt"}],"event_choices":[{"damage_healed":0,"gold_gain":0,"cards_transformed":["Strike_R"],"player_choice":"Change","damage_taken":0,"max_hp_gain":0,"max_hp_loss":0,"event_name":"Living Wall","floor":3,"gold_loss":0,"cards_obtained":["Blood for Blood"]},{"damage_healed":0,"gold_gain":0,"player_choice":"Fled","damage_taken":0,"max_hp_gain":0,"max_hp_loss":0,"event_name":"Scrap Ooze","floor":7,"gold_loss":0},{"damage_healed":0,"gold_gain":30,"player_choice":"Searched \u00272\u0027 times","damage_taken":0,"relics_obtained":["White Beast Statue"],"max_hp_gain":0,"max_hp_loss":0,"event_name":"Dead Adventurer","floor":13,"gold_loss":0}],"is_beta":false,"boss_relics":[],"items_purged_floors":[],"is_endless":false,"potions_floor_spawned":[1,2,11,14],"killed_by":"The Guardian","ascension_level":19}