{"gold_per_floor":[118,118,33,47,47,47,87,108,108,144,144,177,177,193,193,283,283,308,333,91,115,115,150,150,165,188,222,138,157,157,180,180,275,275,290,623,3,3,19,53,53,68,93,103,129,129,129,141,141,141,141,141,141,31,31],"floor_reached":55,"playtime":3458,"items_purged":[],"score":2145,"play_id":"dbef4e86-403d-493c-8ba8-30a361f84bd9","local_time":"20200924100720","is_ascension_mode":true,"campfire_choices":[{"data":"Wild Strike","floor":6.0,"key":"SMITH"},{"floor":11.0,"key":"REST"},{"data":"Hemokinesis","floor":15.0,"key":"SMITH"},{"floor":24.0,"key":"REST"},{"data":"Feed","floor":32.0,"key":"SMITH"},{"data":"Demon Form","floor":41.0,"key":"SMITH"},{"data":"Sentinel","floor":46.0,"key":"SMITH"},{"floor":49.0,"key":"RECALL"},{"data":"Heavy Blade","floor":53.0,"key":"SMITH"}],"neow_cost":"NONE","seed_source_timestamp":1386521079466100,"circlet_count":0,"master_deck":["AscendersBane","Strike_R","Strike_R","Strike_R","Strike_R","Strike_R","Defend_R","Defend_R","Defend_R","Defend_R","Bash","Hemokinesis+1","Uppercut+1","Offering","Shrug It Off","Corruption","Clothesline","Impervious","Demon Form+1","Whirlwind","Sentinel+1","Heavy Blade+1","Feed+1","Dark Embrace","Sentinel","Reaper","Power Through","Dark Embrace","Power Through+1","Shrug It Off+1"],"special_seed":0,"relics":["Burning Blood","White Beast Statue","Bag of Preparation","Du-Vu Doll","StrikeDummy","Snecko Eye","MutagenicStrength","Pen Nib","Oddly Smooth Stone","Blood Vial","Coffee Dripper","Toxic Egg 2","Eternal Feather","Dream Catcher","Thread and Needle"],"potions_floor_usage":[55,55],"damage_taken":[{"damage":12.0,"enemies":"2 Louse","floor":1.0,"turns":3.0},{"damage":12.0,"enemies":"Small Slimes","floor":4.0,"turns":4.0},{"damage":34.0,"enemies":"Gremlin Nob","floor":7.0,"turns":4.0},{"damage":2.0,"enemies":"Cultist","floor":8.0,"turns":3.0},{"damage":32.0,"enemies":"Lagavulin","floor":10.0,"turns":6.0},{"damage":17.0,"enemies":"3 Sentries","floor":12.0,"turns":5.0},{"damage":3.0,"enemies":"Looter","floor":14.0,"turns":2.0},{"damage":25.0,"enemies":"Hexaghost","floor":16.0,"turns":8.0},{"damage":18.0,"enemies":"2 Thieves","floor":18.0,"turns":3.0},{"damage":12.0,"enemies":"3 Byrds","floor":19.0,"turns":3.0},{"damage":18.0,"enemies":"Snake Plant","floor":21.0,"turns":3.0},{"damage":12.0,"enemies":"Gremlin Leader","floor":23.0,"turns":5.0},{"damage":9.0,"enemies":"Cultist and Chosen","floor":25.0,"turns":5.0},{"damage":7.0,"enemies":"Slavers","floor":27.0,"turns":2.0},{"damage":8.0,"enemies":"3 Cultists","floor":29.0,"turns":3.0},{"damage":17.0,"enemies":"Centurion and Healer","floor":31.0,"turns":4.0},{"damage":18.0,"enemies":"Champ","floor":33.0,"turns":9.0},{"damage":6.0,"enemies":"3 Darklings","floor":35.0,"turns":4.0},{"damage":6.0,"enemies":"Orb Walker","floor":39.0,"turns":2.0},{"damage":75.0,"enemies":"Reptomancer","floor":40.0,"turns":3.0},{"damage":36.0,"enemies":"Spire Growth","floor":42.0,"turns":3.0},{"damage":34.0,"enemies":"Transient","floor":44.0,"turns":6.0},{"damage":8.0,"enemies":"Giant Head","floor":45.0,"turns":5.0},{"damage":8.0,"enemies":"4 Shapes","floor":48.0,"turns":2.0},{"damage":78.0,"enemies":"Awakened One","floor":50.0,"turns":8.0},{"damage":6.0,"enemies":"Donu and Deca","floor":51.0,"turns":6.0},{"damage":94,"enemies":"Shield and Spear","floor":55,"turns":6}],"seed_played":"7395265105400375021","potions_obtained":[{"floor":8.0,"key":"CultistPotion"},{"floor":10.0,"key":"SteroidPotion"},{"floor":12.0,"key":"SkillPotion"},{"floor":14.0,"key":"Fire Potion"},{"floor":16.0,"key":"PowerPotion"},{"floor":21.0,"key":"SteroidPotion"},{"floor":27.0,"key":"HeartOfIron"},{"floor":31.0,"key":"DuplicationPotion"},{"floor":33.0,"key":"FearPotion"},{"floor":39.0,"key":"FairyPotion"},{"floor":40.0,"key":"EssenceOfSteel"},{"floor":42.0,"key":"DuplicationPotion"},{"floor":44.0,"key":"SkillPotion"},{"floor":45.0,"key":"Swift Potion"}],"is_trial":false,"path_per_floor":["M","?","$","M","$","R","E","M","T","E","R","E","?","M","R","B",null,"M","M","$","M","?","E","R","M","T","E","$","M","?","M","R","B",null,"M","?","$","?","M","E","R","M","T","M","E","R","?","M","R","B","B",null,"R","$","E"],"character_chosen":"IRONCLAD","items_purchased":["Combust","Impervious","Demon Form","Dark Embrace","Toxic Egg 2","Eternal Feather","Dark Embrace","Strength Potion","Weak Potion"],"campfire_rested":2,"item_purchase_floors":[3,20,20,28,37,37,37,54,54],"current_hp_per_floor":[69,69,69,63,63,63,35,39,39,13,35,24,24,27,27,8,58,46,40,40,28,28,22,44,41,41,40,40,40,74,66,66,60,76,81,81,81,81,85,33,48,32,32,41,56,74,74,78,89,29,59,82,89,89,0],"gold":31,"neow_bonus":"TEN_PERCENT_HP_BONUS","is_prod":false,"is_daily":false,"chose_seed":false,"campfire_upgraded":6,"win_rate":0,"timestamp":1600960040,"path_taken":["M","?","$","M","$","R","E","M","T","E","R","E","?","M","R","BOSS","M","?","$","M","?","E","R","M","T","E","$","M","?","?","R","BOSS","M","?","$","?","M","E","R","M","T","M","E","R","?","M","R","BOSS","BOSS","R","$","E"],"build_version":"2020-07-30","purchased_purges":0,"victory":false,"max_hp_per_floor":[82,74,74,74,74,74,74,74,74,74,74,74,74,74,74,74,74,74,74,74,74,74,74,74,74,74,74,74,74,74,77,77,81,81,81,81,81,81,85,85,85,85,85,85,85,85,85,89,89,89,89,89,89,89,89],"card_choices":[{"not_picked":["Iron Wave","Rupture"],"picked":"Hemokinesis","floor":1.0},{"not_picked":["Perfected Strike","Whirlwind"],"picked":"Wild Strike","floor":4.0},{"not_picked":["Havoc","Second Wind","Headbutt"],"picked":"SKIP","floor":7.0},{"not_picked":["Body Slam","Headbutt"],"picked":"Uppercut","floor":8.0},{"not_picked":["Clothesline","Body Slam"],"picked":"Offering","floor":10.0},{"not_picked":["Shockwave","Thunderclap"],"picked":"Shrug It Off","floor":12.0},{"not_picked":["Bloodletting","Headbutt","Heavy Blade"],"picked":"SKIP","floor":14.0},{"not_picked":["Juggernaut","Immolate"],"picked":"Corruption","floor":16.0},{"not_picked":["Warcry","Second Wind","Dual Wield"],"picked":"SKIP","floor":18.0},{"not_picked":["Wild Strike","Sword Boomerang+1"],"picked":"Clothesline","floor":19.0},{"not_picked":["Spot Weakness","Twin Strike"],"picked":"Whirlwind","floor":21.0},{"not_picked":["Headbutt","Sever Soul"],"picked":"Sentinel","floor":23.0},{"not_picked":["Burning Pact","Clothesline"],"picked":"Heavy Blade","floor":25.0},{"not_picked":["Body Slam","Pommel Strike"],"picked":"Feed","floor":27.0},{"not_picked":["Intimidate","Thunderclap"],"picked":"Sentinel","floor":29.0},{"not_picked":["Warcry","Cleave","Sever Soul"],"picked":"SKIP","floor":31.0},{"not_picked":["Juggernaut","Offering"],"picked":"Reaper","floor":33.0},{"not_picked":["Wild Strike+1","Clash"],"picked":"Power Through","floor":35.0},{"not_picked":["Pommel Strike","Blood for Blood","Perfected Strike+1"],"picked":"SKIP","floor":39.0},{"not_picked":["Flex+1","Hemokinesis","Cleave"],"picked":"SKIP","floor":40.0},{"not_picked":["Sword Boomerang","Juggernaut"],"picked":"Power Through+1","floor":42.0},{"not_picked":["Flame Barrier+1","Anger"],"picked":"Shrug It Off+1","floor":44.0},{"not_picked":["Pommel Strike","Entrench+1","Cleave+1"],"picked":"SKIP","floor":45.0},{"not_picked":["Reckless Charge+1","Carnage","Wild Strike+1"],"picked":"SKIP","floor":48.0}],"player_experience":746417,"relics_obtained":[{"floor":7.0,"key":"White Beast Statue"},{"floor":9.0,"key":"Bag of Preparation"},{"floor":10.0,"key":"Du-Vu Doll"},{"floor":12.0,"key":"StrikeDummy"},{"floor":23.0,"key":"Pen Nib"},{"floor":26.0,"key":"Oddly Smooth Stone"},{"floor":27.0,"key":"Blood Vial"},{"floor":40.0,"key":"Dream Catcher"},{"floor":45.0,"key":"Thread and Needle"}],"event_choices":[{"damage_healed":0.0,"max_hp_gain":0.0,"max_hp_loss":8.0,"gold_gain":0.0,"event_name":"Golden Idol","player_choice":"Lose Max HP","floor":2.0,"gold_loss":0.0,"damage_taken":0.0,"relics_obtained":["Golden Idol"]},{"damage_healed":0.0,"max_hp_gain":0.0,"max_hp_loss":0.0,"gold_gain":0.0,"event_name":"Accursed Blacksmith","player_choice":"Forge","floor":13.0,"gold_loss":0.0,"damage_taken":0.0,"cards_upgraded":["Uppercut"]},{"damage_healed":0.0,"max_hp_gain":0.0,"max_hp_loss":0.0,"gold_gain":0.0,"event_name":"Drug Dealer","player_choice":"Inject Mutagens","floor":22.0,"gold_loss":0.0,"damage_taken":0.0,"relics_obtained":["MutagenicStrength"]},{"cards_removed":["Combust"],"damage_healed":34.0,"max_hp_gain":0.0,"max_hp_loss":0.0,"gold_gain":0.0,"event_name":"Bonfire Elementals","player_choice":"Offered Uncommon","floor":30.0,"gold_loss":0.0,"damage_taken":0.0},{"damage_healed":0.0,"max_hp_gain":0.0,"max_hp_loss":0.0,"gold_gain":333.0,"event_name":"The Moai Head","player_choice":"Gave Idol","floor":36.0,"relics_lost":["Golden Idol"],"gold_loss":0.0,"damage_taken":0.0},{"damage_healed":0.0,"max_hp_gain":0.0,"max_hp_loss":0.0,"gold_gain":0.0,"event_name":"SensoryStone","player_choice":"Memory 1","floor":38.0,"gold_loss":0.0,"damage_taken":0.0},{"cards_removed":["Wild Strike"],"damage_healed":0.0,"max_hp_gain":0.0,"max_hp_loss":0.0,"gold_gain":0.0,"event_name":"Falling","player_choice":"Removed Attack","floor":47.0,"gold_loss":0.0,"damage_taken":0.0}],"is_beta":false,"boss_relics":[{"not_picked":["Tiny House","Velvet Choker"],"picked":"Snecko Eye"},{"not_picked":["Philosopher\u0027s Stone","Mark of Pain"],"picked":"Coffee Dripper"}],"items_purged_floors":[],"is_endless":false,"potions_floor_spawned":[8,10,12,14,16,18,19,21,23,25,27,29,31,33,35,39,40,42,44,45,48],"killed_by":"Shield and Spear","ascension_level":20}