{"gold_per_floor":[109,109,125,125,125,125,125,38,119,162,162,193,212,46,46,139,139,157,176,176,200,115,154,154,187,187,212,237,270,285,38,38,38],"floor_reached":33,"playtime":1375,"items_purged":[],"score":626,"play_id":"63c65cca-ba18-4ca6-a4a2-6a09edba3422","local_time":"20200922171146","is_ascension_mode":true,"campfire_choices":[{"data":"Fire Breathing","floor":6,"key":"SMITH"},{"data":"Bash","floor":15,"key":"SMITH"},{"data":"Fiend Fire","floor":24,"key":"SMITH"},{"data":"Inflame","floor":32,"key":"SMITH"}],"neow_cost":"NONE","seed_source_timestamp":1241725289037900,"circlet_count":0,"master_deck":["AscendersBane","Strike_R","Strike_R","Strike_R","Strike_R","Defend_R","Defend_R","Defend_R","Defend_R","Bash+1","Limit Break","Twin Strike","Fire Breathing+1","Uppercut","Offering","Anger","Fiend Fire+1","Shockwave","Inflame+1","Perfected Strike","Dropkick","Flex","Blood for Blood","Offering"],"relics":["Burning Blood","Blood Vial","Golden Idol","Eternal Feather","Paper Frog","Letter Opener","Shuriken","Bag of Preparation","Snecko Eye","Potion Belt","Omamori","Vajra","Mango","White Beast Statue","Membership Card"],"potions_floor_usage":[10,16,19,21,33],"damage_taken":[{"damage":3,"enemies":"2 Louse","floor":1,"turns":4},{"damage":14,"enemies":"Small Slimes","floor":3,"turns":4},{"damage":8,"enemies":"Gremlin Nob","floor":10,"turns":3},{"damage":31,"enemies":"Lagavulin","floor":12,"turns":7},{"damage":13,"enemies":"Jaw Worm","floor":13,"turns":3},{"damage":17,"enemies":"Hexaghost","floor":16,"turns":6},{"damage":0,"enemies":"Chosen","floor":18,"turns":2},{"damage":0,"enemies":"Spheric Guardian","floor":19,"turns":2},{"damage":6,"enemies":"Centurion and Healer","floor":21,"turns":3},{"damage":24,"enemies":"Book of Stabbing","floor":23,"turns":3},{"damage":23,"enemies":"Slavers","floor":25,"turns":4},{"damage":32,"enemies":"Shelled Parasite and Fungi","floor":27,"turns":2},{"damage":0,"enemies":"Cultist and Chosen","floor":28,"turns":2},{"damage":6,"enemies":"Gremlin Leader","floor":29,"turns":2},{"damage":6,"enemies":"Centurion and Healer","floor":30,"turns":3},{"damage":61,"enemies":"Automaton","floor":33,"turns":6}],"seed_played":"6086475603228379126","potions_obtained":[{"floor":3,"key":"Strength Potion"},{"floor":12,"key":"Energy Potion"},{"floor":16,"key":"SteroidPotion"},{"floor":18,"key":"ColorlessPotion"},{"floor":21,"key":"SpeedPotion"},{"floor":27,"key":"Ancient Potion"},{"floor":28,"key":"Dexterity Potion"},{"floor":30,"key":"Strength Potion"}],"is_trial":false,"path_per_floor":["M","?","M","?","?","R","T","$","T","E","?","E","M","$","R","B",null,"M","M","?","M","?","E","R","E","T","M","M","E","M","$","R","B"],"character_chosen":"IRONCLAD","items_purchased":["Uppercut","Bag of Preparation","Membership Card","Offering"],"campfire_rested":0,"item_purchase_floors":[8,14,31,31],"current_hp_per_floor":[71,53,47,40,40,40,40,40,40,40,40,17,12,12,21,12,54,62,68,68,68,68,50,62,47,61,37,45,47,49,49,61,2],"gold":38,"neow_bonus":"ONE_RANDOM_RARE_CARD","is_prod":false,"is_daily":false,"chose_seed":false,"campfire_upgraded":4,"win_rate":0,"timestamp":1600812706,"path_taken":["M","?","M","?","?","R","?","$","T","E","?","E","M","$","R","BOSS","M","M","?","M","?","E","R","E","T","M","M","E","M","$","R","BOSS"],"build_version":"2020-07-30","purchased_purges":0,"victory":false,"max_hp_per_floor":[75,75,75,75,68,68,68,68,68,68,68,68,68,68,68,68,68,68,68,68,68,68,68,68,68,82,82,82,82,82,82,82,82],"card_choices":[{"not_picked":["True Grit","Dropkick"],"picked":"Twin Strike","floor":1},{"not_picked":["Body Slam","Burning Pact"],"picked":"Fire Breathing","floor":3},{"not_picked":["Shrug It Off","Warcry"],"picked":"Offering","floor":10},{"not_picked":["Rampage","Rage"],"picked":"Anger","floor":12},{"not_picked":["Perfected Strike","True Grit","Entrench"],"picked":"SKIP","floor":13},{"not_picked":["Brutality","Bludgeon"],"picked":"Fiend Fire","floor":16},{"not_picked":["Disarm","Clash"],"picked":"Shockwave","floor":18},{"not_picked":["Rampage","Cleave","Bloodletting"],"picked":"SKIP","floor":19},{"not_picked":["Sever Soul","Infernal Blade"],"picked":"Perfected Strike","floor":21},{"not_picked":["Anger+1","Shockwave","Body Slam"],"picked":"SKIP","floor":23},{"not_picked":["Rupture","Anger","Barricade"],"picked":"SKIP","floor":25},{"not_picked":["Twin Strike","Havoc+1"],"picked":"Dropkick","floor":27},{"not_picked":["Sword Boomerang","True Grit"],"picked":"Flex","floor":28},{"not_picked":["Rage","Armaments","Warcry"],"picked":"SKIP","floor":29},{"not_picked":["Intimidate","Blood for Blood","Fire Breathing+1"],"picked":"SKIP","floor":30},{"not_picked":["Intimidate","Fire Breathing+1"],"picked":"Blood for Blood","floor":30}],"player_experience":695638,"relics_obtained":[{"floor":7,"key":"Eternal Feather"},{"floor":9,"key":"Paper Frog"},{"floor":10,"key":"Letter Opener"},{"floor":12,"key":"Shuriken"},{"floor":23,"key":"Omamori"},{"floor":25,"key":"Vajra"},{"floor":26,"key":"Mango"},{"floor":29,"key":"White Beast Statue"}],"event_choices":[{"damage_healed":0,"gold_gain":0,"player_choice":"Success","damage_taken":18,"relics_obtained":["Blood Vial"],"max_hp_gain":0,"max_hp_loss":0,"event_name":"Scrap Ooze","floor":2,"gold_loss":0},{"cards_removed":["Strike_R"],"damage_healed":0,"gold_gain":0,"player_choice":"Card Removal","damage_taken":7,"max_hp_gain":0,"max_hp_loss":0,"event_name":"Golden Wing","floor":4,"gold_loss":0},{"damage_healed":0,"gold_gain":0,"player_choice":"Lose Max HP","damage_taken":0,"relics_obtained":["Golden Idol"],"max_hp_gain":0,"max_hp_loss":7,"event_name":"Golden Idol","floor":5,"gold_loss":0},{"damage_healed":0,"gold_gain":0,"player_choice":"Searched \u00270\u0027 times","damage_taken":0,"max_hp_gain":0,"max_hp_loss":0,"event_name":"Dead Adventurer","floor":11,"gold_loss":0},{"damage_healed":0,"gold_gain":0,"player_choice":"Read","damage_taken":0,"max_hp_gain":0,"max_hp_loss":0,"event_name":"The Library","floor":20,"gold_loss":0,"cards_obtained":["Inflame"]},{"damage_healed":0,"gold_gain":0,"player_choice":"Obtained Relic","damage_taken":0,"relics_obtained":["Potion Belt"],"max_hp_gain":0,"max_hp_loss":0,"event_name":"Addict","floor":22,"gold_loss":85}],"is_beta":false,"boss_relics":[{"not_picked":["Empty Cage","Ectoplasm"],"picked":"Snecko Eye"}],"items_purged_floors":[],"is_endless":false,"potions_floor_spawned":[3,12,16,18,21,27,28,30],"killed_by":"Automaton","ascension_level":20}