{"gold_per_floor":[115,17,34,34,108,134,144,178,224,19,44,44,61,26,26,103,103,116,134,89,89,107,107,138,119,144,144,158,72,98,108,108,108],"floor_reached":33,"playtime":1814,"items_purged":["Strike_R"],"score":631,"play_id":"41d8ad93-4f55-47e1-913f-9aac706b0d20","local_time":"20200924184603","is_ascension_mode":true,"campfire_choices":[{"floor":12,"key":"DIG"},{"floor":15,"key":"DIG"},{"floor":23,"key":"DIG"},{"floor":32,"key":"REST"}],"neow_cost":"NONE","seed_source_timestamp":1419746953149200,"circlet_count":0,"master_deck":["AscendersBane","Strike_R","Strike_R","Strike_R","Defend_R","Defend_R","Defend_R","Defend_R","Bash","Twin Strike","Combust","Wild Strike","Armaments","Shrug It Off","Flame Barrier","Rupture","Juggernaut","Uppercut","Metallicize","Decay","Metallicize","True Grit+1","Offering"],"relics":["Burning Blood","Mercury Hourglass","Oddly Smooth Stone","Ancient Tea Set","Membership Card","Shovel","Self Forming Clay","Lantern","Fusion Hammer","Charon\u0027s Ashes","Pear","Bag of Preparation","Bottled Tornado"],"potions_floor_usage":[6,8,11,30,31],"damage_taken":[{"damage":19,"enemies":"Jaw Worm","floor":1,"turns":4},{"damage":8,"enemies":"2 Louse","floor":3,"turns":3},{"damage":38,"enemies":"Gremlin Nob","floor":6,"turns":4},{"damage":1,"enemies":"Small Slimes","floor":7,"turns":2},{"damage":12,"enemies":"3 Sentries","floor":8,"turns":5},{"damage":13,"enemies":"Lagavulin","floor":11,"turns":8},{"damage":3,"enemies":"Exordium Wildlife","floor":13,"turns":4},{"damage":29,"enemies":"Slime Boss","floor":16,"turns":9},{"damage":30,"enemies":"Shell Parasite","floor":18,"turns":6},{"damage":6,"enemies":"Chosen","floor":19,"turns":5},{"damage":22,"enemies":"Centurion and Healer","floor":22,"turns":7},{"damage":16,"enemies":"Gremlin Leader","floor":24,"turns":6},{"damage":17,"enemies":"Sentry and Sphere","floor":28,"turns":5},{"damage":19,"enemies":"Slavers","floor":30,"turns":5},{"damage":7,"enemies":"Snake Plant","floor":31,"turns":4},{"damage":37,"enemies":"Champ","floor":33,"turns":9}],"seed_played":"6726433233120222615","potions_obtained":[{"floor":3,"key":"DuplicationPotion"},{"floor":6,"key":"Dexterity Potion"},{"floor":8,"key":"PowerPotion"},{"floor":22,"key":"Energy Potion"},{"floor":24,"key":"Weak Potion"},{"floor":31,"key":"FearPotion"}],"is_trial":false,"path_per_floor":["M","$","M","?","?","E","M","E","T","$","E","R","M","?","R","B",null,"M","M","$","?","M","R","E","$","T","?","M","$","E","M","R","B"],"character_chosen":"IRONCLAD","items_purchased":["Combust","Wild Strike","Membership Card","Metallicize","Metallicize","Offering"],"campfire_rested":1,"item_purchase_floors":[2,2,10,20,25,29],"current_hp_per_floor":[62,62,60,65,65,33,38,32,32,32,25,25,28,49,49,26,72,48,48,48,48,32,32,32,32,32,32,21,21,8,7,36,0],"gold":108,"neow_bonus":"TEN_PERCENT_HP_BONUS","is_prod":false,"is_daily":false,"chose_seed":false,"campfire_upgraded":0,"win_rate":0,"timestamp":1600991163,"path_taken":["M","$","M","?","?","E","M","E","T","$","E","R","?","?","R","BOSS","M","M","$","?","M","R","E","$","T","?","M","$","E","M","R","BOSS"],"build_version":"2020-07-30","purchased_purges":1,"victory":false,"max_hp_per_floor":[82,82,82,87,87,87,87,87,87,87,87,87,87,87,87,87,87,87,87,87,87,87,87,97,97,97,97,97,97,97,97,97,97],"card_choices":[{"not_picked":["True Grit","Thunderclap"],"picked":"Twin Strike","floor":1},{"not_picked":["Iron Wave","Thunderclap"],"picked":"Armaments","floor":3},{"not_picked":["Intimidate","True Grit"],"picked":"Shrug It Off","floor":6},{"not_picked":["Twin Strike","Combust"],"picked":"Flame Barrier","floor":7},{"not_picked":["Whirlwind","Pummel","Havoc"],"picked":"SKIP","floor":8},{"not_picked":["Demon Form","Thunderclap","Anger"],"picked":"SKIP","floor":11},{"not_picked":["Clash","True Grit"],"picked":"Rupture","floor":13},{"not_picked":["Fiend Fire","Berserk"],"picked":"Juggernaut","floor":16},{"not_picked":["Flex","Armaments","Clash"],"picked":"SKIP","floor":18},{"not_picked":["Heavy Blade+1","Anger"],"picked":"Uppercut","floor":19},{"not_picked":["Seeing Red","Bludgeon","Twin Strike"],"picked":"SKIP","floor":22},{"not_picked":["Iron Wave","Carnage","Hemokinesis+1"],"picked":"SKIP","floor":24},{"not_picked":["Combust","Armaments"],"picked":"True Grit+1","floor":28},{"not_picked":["Sword Boomerang","Uppercut","Heavy Blade"],"picked":"SKIP","floor":30},{"not_picked":["Warcry","Juggernaut","Intimidate"],"picked":"SKIP","floor":31}],"player_experience":765027,"relics_obtained":[{"floor":6,"key":"Mercury Hourglass"},{"floor":8,"key":"Oddly Smooth Stone"},{"floor":9,"key":"Ancient Tea Set"},{"floor":11,"key":"Shovel"},{"floor":12,"key":"Self Forming Clay"},{"floor":15,"key":"Lantern"},{"floor":23,"key":"Charon\u0027s Ashes"},{"floor":24,"key":"Pear"},{"floor":26,"key":"Bag of Preparation"},{"floor":30,"key":"Bottled Tornado"}],"event_choices":[{"damage_healed":0,"gold_gain":0,"player_choice":"Donut","damage_taken":0,"max_hp_gain":5,"max_hp_loss":0,"event_name":"Big Fish","floor":4,"gold_loss":0},{"damage_healed":0,"gold_gain":74,"player_choice":"Gained Gold","damage_taken":0,"max_hp_gain":0,"max_hp_loss":0,"event_name":"Golden Wing","floor":5,"gold_loss":0},{"damage_healed":21,"gold_gain":0,"player_choice":"Healed","damage_taken":0,"max_hp_gain":0,"max_hp_loss":0,"event_name":"The Cleric","floor":14,"gold_loss":35},{"damage_healed":0,"gold_gain":0,"player_choice":"Smashed Altar","damage_taken":0,"max_hp_gain":0,"max_hp_loss":0,"event_name":"Forgotten Altar","floor":21,"gold_loss":0,"cards_obtained":["Decay"]},{"cards_removed":["Strike_R"],"damage_healed":0,"gold_gain":0,"player_choice":"Purged","damage_taken":0,"max_hp_gain":0,"max_hp_loss":0,"event_name":"Purifier","floor":27,"gold_loss":0}],"is_beta":false,"boss_relics":[{"not_picked":["Black Blood","Sozu"],"picked":"Fusion Hammer"}],"items_purged_floors":[10],"is_endless":false,"potions_floor_spawned":[3,6,8,22,24,31],"killed_by":"Champ","ascension_level":20}