{"gold_per_floor":[114,130,130,130,187,230,230,267,267,267,117,168,189,216,216,299,299,320,320],"floor_reached":19,"playtime":1124,"items_purged":[],"score":350,"play_id":"a63e2c2e-f951-467d-abff-061ce88d4af1","local_time":"20200925121103","is_ascension_mode":true,"campfire_choices":[{"data":"Cleave","floor":7,"key":"SMITH"},{"floor":10,"key":"REST"},{"data":"Disarm","floor":15,"key":"SMITH"}],"neow_cost":"NONE","seed_source_timestamp":1483136759281200,"circlet_count":0,"master_deck":["AscendersBane","Strike_R","Strike_R","Strike_R","Strike_R","Strike_R","Defend_R","Defend_R","Defend_R","Defend_R","Bash+1","Cleave+1","Battle Trance","Pommel Strike","Metallicize","Disarm+1","Ghostly Armor","Shrug It Off","Battle Trance","Demon Form","Shrug It Off"],"relics":["Burning Blood","Bronze Scales","CeramicFish","Unceasing Top","Letter Opener","Smiling Mask","Runic Pyramid"],"potions_floor_usage":[8],"damage_taken":[{"damage":11,"enemies":"Small Slimes","floor":1,"turns":4},{"damage":11,"enemies":"Jaw Worm","floor":2,"turns":4},{"damage":32,"enemies":"Gremlin Nob","floor":6,"turns":4},{"damage":20,"enemies":"3 Sentries","floor":8,"turns":3},{"damage":0,"enemies":"Cultist","floor":13,"turns":3},{"damage":2,"enemies":"Exordium Thugs","floor":14,"turns":4},{"damage":22,"enemies":"The Guardian","floor":16,"turns":14},{"damage":0,"enemies":"Chosen","floor":18,"turns":7},{"damage":48,"enemies":"Spheric Guardian","floor":19,"turns":7}],"seed_played":"5010919590064783198","potions_obtained":[{"floor":6,"key":"PowerPotion"},{"floor":16,"key":"FearPotion"},{"floor":18,"key":"SpeedPotion"}],"is_trial":false,"path_per_floor":["M","M","?","T","?","E","R","E","T","R","$","T","M","M","R","B",null,"M","M"],"character_chosen":"IRONCLAD","items_purchased":["Disarm","Ghostly Armor"],"campfire_rested":1,"item_purchase_floors":[11,11],"current_hp_per_floor":[70,65,65,65,65,39,39,25,25,49,49,49,55,59,59,43,72,78,30],"gold":320,"neow_bonus":"TEN_PERCENT_HP_BONUS","is_prod":false,"is_daily":false,"chose_seed":false,"campfire_upgraded":2,"win_rate":0,"timestamp":1601053863,"path_taken":["M","M","?","?","?","E","R","E","T","R","$","?","M","M","R","BOSS","M","M"],"build_version":"2020-07-30","purchased_purges":0,"victory":false,"max_hp_per_floor":[82,82,82,82,82,82,82,82,82,82,82,82,82,82,82,82,82,82,82],"card_choices":[{"not_picked":["Thunderclap","Evolve"],"picked":"Cleave","floor":1},{"not_picked":["Clothesline","Power Through"],"picked":"Battle Trance","floor":2},{"not_picked":["Body Slam","Flex"],"picked":"Pommel Strike","floor":6},{"not_picked":["Clash","Armaments"],"picked":"Metallicize","floor":8},{"not_picked":["Havoc","Rage"],"picked":"Shrug It Off","floor":13},{"not_picked":["Reckless Charge","Flex"],"picked":"Battle Trance","floor":14},{"not_picked":["Feed","Limit Break"],"picked":"Demon Form","floor":16},{"not_picked":["Havoc","Wild Strike"],"picked":"Shrug It Off","floor":18}],"player_experience":785395,"relics_obtained":[{"floor":4,"key":"Bronze Scales"},{"floor":6,"key":"CeramicFish"},{"floor":8,"key":"Unceasing Top"},{"floor":9,"key":"Letter Opener"},{"floor":12,"key":"Smiling Mask"}],"event_choices":[{"damage_healed":0,"gold_gain":0,"player_choice":"Grow","damage_taken":0,"max_hp_gain":0,"max_hp_loss":0,"event_name":"Living Wall","floor":3,"gold_loss":0,"cards_upgraded":["Bash"]},{"damage_healed":0,"gold_gain":57,"player_choice":"Gained Gold","damage_taken":0,"max_hp_gain":0,"max_hp_loss":0,"event_name":"Golden Wing","floor":5,"gold_loss":0}],"is_beta":false,"boss_relics":[{"not_picked":["Runic Dome","Runic Cube"],"picked":"Runic Pyramid"}],"items_purged_floors":[],"is_endless":false,"potions_floor_spawned":[6,16,18],"killed_by":"Spheric Guardian","ascension_level":20}