{"gold_per_floor":[119,119,131,131,147,176,176,207,277,310,79,79,90,90,90,167,167,178,178,103,19,19,48,48,48],"floor_reached":25,"playtime":1018,"items_purged":["Strike_R"],"score":470,"play_id":"17199979-2867-4de7-8667-119416cb188b","local_time":"20200925100046","is_ascension_mode":true,"campfire_choices":[{"floor":7,"key":"REST"},{"floor":12,"key":"REST"},{"floor":15,"key":"REST"},{"floor":24,"key":"REST"}],"neow_cost":"NONE","seed_source_timestamp":1475425805210600,"circlet_count":0,"master_deck":["AscendersBane","Strike_R","Strike_R+1","Strike_R","Defend_R","Defend_R","Defend_R","Defend_R","Bash","Spot Weakness","Anger","Bash+1","Wild Strike","True Grit","Hemokinesis","Feed","Spot Weakness","Feel No Pain","Feel No Pain","Fiend Fire","Inflame","Ghostly","Ghostly","Ghostly"],"relics":["Fusion Hammer","Ice Cream","Orichalcum","Juzu Bracelet","Paper Frog","Gremlin Horn","SlaversCollar","Ancient Tea Set"],"potions_floor_usage":[6,6],"damage_taken":[{"damage":10,"enemies":"Small Slimes","floor":1,"turns":4},{"damage":0,"enemies":"Cultist","floor":3,"turns":3},{"damage":7,"enemies":"Jaw Worm","floor":5,"turns":2},{"damage":20,"enemies":"Lagavulin","floor":6,"turns":5},{"damage":11,"enemies":"3 Sentries","floor":8,"turns":6},{"damage":24,"enemies":"Lagavulin","floor":10,"turns":6},{"damage":6,"enemies":"Blue Slaver","floor":13,"turns":2},{"damage":32,"enemies":"Hexaghost","floor":16,"turns":8},{"damage":18,"enemies":"Chosen","floor":18,"turns":4},{"damage":20,"enemies":"Slavers","floor":23,"turns":5},{"damage":19,"enemies":"Book of Stabbing","floor":25,"turns":5}],"seed_played":"-972981630705657104","potions_obtained":[{"floor":1,"key":"Regen Potion"},{"floor":3,"key":"Strength Potion"},{"floor":23,"key":"Energy Potion"}],"is_trial":false,"path_per_floor":["M","?","M","?","M","E","R","E","T","E","$","R","M","?","R","B",null,"M","?","?","$","?","E","R","E"],"character_chosen":"IRONCLAD","items_purchased":["Spot Weakness","Feel No Pain","Inflame"],"campfire_rested":4,"item_purchase_floors":[11,11,21],"current_hp_per_floor":[58,47,47,47,40,32,54,43,43,19,19,41,38,15,38,9,63,45,22,22,22,22,5,18,0],"gold":48,"neow_bonus":"BOSS_RELIC","is_prod":false,"is_daily":false,"chose_seed":false,"campfire_upgraded":0,"win_rate":0,"timestamp":1601046046,"path_taken":["M","?","M","?","?","E","R","E","T","E","$","R","M","?","R","BOSS","M","?","?","?","?","E","R","E"],"build_version":"2020-07-30","purchased_purges":1,"victory":false,"max_hp_per_floor":[75,75,75,75,75,75,75,75,75,75,75,75,78,78,78,81,81,81,86,86,86,43,46,46,46],"card_choices":[{"not_picked":["Infernal Blade","Shockwave"],"picked":"Spot Weakness","floor":1},{"not_picked":["Burning Pact","Havoc"],"picked":"Anger","floor":3},{"not_picked":["Second Wind","Sentinel"],"picked":"True Grit","floor":5},{"not_picked":["Reckless Charge","Feel No Pain"],"picked":"Hemokinesis","floor":6},{"not_picked":["Armaments","Evolve"],"picked":"Feed","floor":8},{"not_picked":["Sword Boomerang","Warcry","Sever Soul"],"picked":"SKIP","floor":10},{"not_picked":["Heavy Blade","Dropkick"],"picked":"Feel No Pain","floor":13},{"not_picked":["Impervious","Berserk"],"picked":"Fiend Fire","floor":16},{"not_picked":["Flex","Cleave","Sentinel"],"picked":"SKIP","floor":18},{"not_picked":["Heavy Blade","Cleave","Thunderclap"],"picked":"SKIP","floor":23}],"player_experience":779320,"relics_obtained":[{"floor":6,"key":"Orichalcum"},{"floor":8,"key":"Juzu Bracelet"},{"floor":9,"key":"Paper Frog"},{"floor":10,"key":"Gremlin Horn"},{"floor":23,"key":"Ancient Tea Set"}],"event_choices":[{"damage_healed":0,"gold_gain":0,"player_choice":"Success","damage_taken":11,"relics_obtained":["Ice Cream"],"max_hp_gain":0,"max_hp_loss":0,"event_name":"Scrap Ooze","floor":2,"gold_loss":0},{"damage_healed":0,"gold_gain":0,"player_choice":"2 cards matched","damage_taken":0,"max_hp_gain":0,"max_hp_loss":0,"event_name":"Match and Keep!","floor":4,"gold_loss":0,"cards_obtained":["Bash","Wild Strike"]},{"damage_healed":0,"gold_gain":0,"player_choice":"Entered Light","damage_taken":23,"max_hp_gain":0,"max_hp_loss":0,"event_name":"Shining Light","floor":14,"gold_loss":0,"cards_upgraded":["Bash","Strike_R"]},{"damage_healed":0,"gold_gain":0,"player_choice":"Shed Blood","damage_taken":28,"max_hp_gain":5,"max_hp_loss":0,"event_name":"Forgotten Altar","floor":19,"gold_loss":0},{"cards_removed":["Strike_R"],"damage_healed":0,"gold_gain":0,"player_choice":"Gave Gold","damage_taken":0,"max_hp_gain":0,"max_hp_loss":0,"event_name":"Beggar","floor":20,"gold_loss":75},{"damage_healed":0,"gold_gain":0,"player_choice":"Became a Ghost","damage_taken":0,"max_hp_gain":0,"max_hp_loss":43,"event_name":"Ghosts","floor":22,"gold_loss":0,"cards_obtained":["Ghostly","Ghostly","Ghostly"]}],"is_beta":false,"boss_relics":[{"not_picked":["Empty Cage","Runic Dome"],"picked":"SlaversCollar"}],"items_purged_floors":[11],"is_endless":false,"potions_floor_spawned":[1,3,5,23],"killed_by":"Book of Stabbing","ascension_level":20}