{"gold_per_floor":[116,129,146,103,178,212,212,245,245,245,265,281,310,337,337,413,413,430,208,223,148,63,63,91,91,91,126,138,75,75,109,109,187,187,198,14,25,25,25,25,59,59,84,84,101,131,131,42,42,42,42,42,42,42,70,70],"floor_reached":56,"playtime":3026,"items_purged":["Strike_R","Strike_R"],"score":2054,"play_id":"079aa0d0-5c0b-4ccd-b08c-064ef0c208d7","local_time":"20200927232252","is_ascension_mode":true,"campfire_choices":[{"data":"Whirlwind","floor":7.0,"key":"SMITH"},{"data":"Bash","floor":10.0,"key":"SMITH"},{"data":"Feel No Pain","floor":15.0,"key":"SMITH"},{"data":"Fiend Fire","floor":23.0,"key":"SMITH"},{"data":"Feel No Pain","floor":25.0,"key":"SMITH"},{"data":"True Grit","floor":28.0,"key":"SMITH"},{"data":"True Grit","floor":32.0,"key":"SMITH"},{"floor":40.0,"key":"RECALL"},{"floor":42.0,"key":"REST"},{"data":"Dropkick","floor":44.0,"key":"SMITH"},{"data":"Sentinel","floor":49,"key":"SMITH"},{"floor":53,"key":"REST"}],"neow_cost":"NONE","seed_source_timestamp":1694308335541000,"circlet_count":0,"master_deck":["AscendersBane","Strike_R","Strike_R","Defend_R","Defend_R","Defend_R","Defend_R","Bash+1","Feel No Pain+1","Iron Wave","Twin Strike","Whirlwind+1","Ghostly Armor","Havoc","Twin Strike","Dark Embrace","Feel No Pain+1","Fiend Fire+1","Clothesline","Shrug It Off","True Grit+1","Corruption","True Grit+1","Decay","Impervious","Dual Wield+1","Dropkick+1","True Grit","Body Slam","Shockwave","Body Slam+1","Sentinel+1","Disarm+1"],"special_seed":0,"relics":["Burning Blood","Ornamental Fan","StrikeDummy","White Beast Statue","Red Skull","Odd Mushroom","Snecko Eye","Pen Nib","Oddly Smooth Stone","Nunchaku","Bottled Flame","MawBank","Lantern","Sozu","Toy Ornithopter","Blue Candle","Bottled Lightning"],"potions_floor_usage":[],"damage_taken":[{"damage":5.0,"enemies":"Small Slimes","floor":1.0,"turns":4.0},{"damage":1.0,"enemies":"2 Louse","floor":2.0,"turns":3.0},{"damage":1.0,"enemies":"Cultist","floor":3.0,"turns":4.0},{"damage":21.0,"enemies":"Gremlin Nob","floor":6.0,"turns":4.0},{"damage":25.0,"enemies":"3 Sentries","floor":8.0,"turns":5.0},{"damage":4.0,"enemies":"2 Fungi Beasts","floor":11.0,"turns":3.0},{"damage":0.0,"enemies":"3 Louse","floor":12.0,"turns":2.0},{"damage":13.0,"enemies":"Gremlin Nob","floor":13.0,"turns":4.0},{"damage":0.0,"enemies":"The Mushroom Lair","floor":14.0,"turns":1.0},{"damage":31.0,"enemies":"The Guardian","floor":16.0,"turns":8.0},{"damage":2.0,"enemies":"2 Thieves","floor":18.0,"turns":3.0},{"damage":9.0,"enemies":"Shell Parasite","floor":20.0,"turns":3.0},{"damage":24.0,"enemies":"Book of Stabbing","floor":24.0,"turns":2.0},{"damage":19.0,"enemies":"Gremlin Leader","floor":27.0,"turns":4.0},{"damage":0.0,"enemies":"Book of Stabbing","floor":31.0,"turns":4.0},{"damage":20.0,"enemies":"Collector","floor":33.0,"turns":8.0},{"damage":0.0,"enemies":"Orb Walker","floor":35.0,"turns":1.0},{"damage":26.0,"enemies":"3 Shapes","floor":37.0,"turns":4.0},{"damage":0.0,"enemies":"Sphere and 2 Shapes","floor":38.0,"turns":2.0},{"damage":27.0,"enemies":"Nemesis","floor":41.0,"turns":7.0},{"damage":9.0,"enemies":"Writhing Mass","floor":45.0,"turns":2.0},{"damage":0.0,"enemies":"Giant Head","floor":46.0,"turns":5.0},{"damage":36,"enemies":"Awakened One","floor":50,"turns":8},{"damage":12,"enemies":"Donu and Deca","floor":51,"turns":3},{"damage":11,"enemies":"Shield and Spear","floor":55,"turns":3},{"damage":72,"enemies":"The Heart","floor":56,"turns":8}],"seed_played":"657852103094543419","potions_obtained":[{"floor":0.0,"key":"Fire Potion"},{"floor":0.0,"key":"PowerPotion"},{"floor":6.0,"key":"LiquidBronze"},{"floor":8.0,"key":"SpeedPotion"},{"floor":11.0,"key":"Swift Potion"},{"floor":12.0,"key":"PowerPotion"},{"floor":13.0,"key":"Energy Potion"},{"floor":16.0,"key":"Regen Potion"},{"floor":18.0,"key":"Weak Potion"},{"floor":27.0,"key":"BloodPotion"},{"floor":31.0,"key":"SkillPotion"},{"floor":33.0,"key":"SmokeBomb"}],"is_trial":false,"path_per_floor":["M","M","M","$","?","E","R","E","T","R","M","M","E","?","R","B",null,"M","$","M","?","?","R","E","R","T","E","R","$","?","E","R","B",null,"M","$","M","M","?","R","E","R","T","R","M","E","?","$","R","B","B",null,"R","$","E","B"],"character_chosen":"IRONCLAD","items_purchased":["Metallicize","Pen Nib","Shrug It Off","Dropkick","Sentinel"],"campfire_rested":2,"item_purchase_floors":[4,19,19,36,48],"current_hp_per_floor":[69,74,75,75,64,49,49,30,30,30,32,38,31,37,37,12,59,63,63,60,60,60,60,42,42,42,34,34,34,34,55,55,41,67,73,73,53,59,59,59,38,60,60,60,62,68,68,68,68,38,32,64,75,75,70,0],"gold":70,"neow_bonus":"THREE_SMALL_POTIONS","is_prod":false,"is_daily":false,"chose_seed":false,"campfire_upgraded":9,"win_rate":0,"timestamp":1601266972,"path_taken":["M","M","M","$","?","E","R","E","T","R","M","M","E","?","R","BOSS","M","$","M","?","?","R","E","R","T","E","R","$","?","E","R","BOSS","M","$","M","M","?","R","E","R","T","R","?","E","?","$","R","BOSS","BOSS","R","$","E","BOSS"],"build_version":"2020-07-30","purchased_purges":2,"victory":false,"max_hp_per_floor":[75,75,75,75,75,75,75,75,75,75,75,75,75,75,75,75,75,75,75,75,75,75,75,75,75,75,75,75,75,75,75,75,75,75,75,75,75,75,75,75,75,75,75,75,75,75,75,75,75,75,75,75,75,75,75,75],"card_choices":[{"not_picked":["Thunderclap","Clash"],"picked":"Feel No Pain","floor":1.0},{"not_picked":["Clash","Dual Wield"],"picked":"Iron Wave","floor":2.0},{"not_picked":["Warcry","Infernal Blade"],"picked":"Twin Strike","floor":3.0},{"not_picked":["Shrug It Off","Warcry"],"picked":"Whirlwind","floor":6.0},{"not_picked":["Evolve","Pummel"],"picked":"Ghostly Armor","floor":8.0},{"not_picked":["Warcry","Flex"],"picked":"Havoc","floor":11.0},{"not_picked":["Armaments","Perfected Strike"],"picked":"Twin Strike","floor":12.0},{"not_picked":["Power Through","Heavy Blade"],"picked":"Dark Embrace","floor":13.0},{"not_picked":["Armaments","Pommel Strike"],"picked":"Feel No Pain","floor":14.0},{"not_picked":["Exhume","Feed"],"picked":"Fiend Fire","floor":16.0},{"not_picked":["Carnage","Spot Weakness"],"picked":"Clothesline","floor":18.0},{"not_picked":["Clash","Sentinel"],"picked":"True Grit","floor":20.0},{"not_picked":["Juggernaut","Body Slam"],"picked":"Corruption","floor":24.0},{"not_picked":["Pommel Strike","Warcry"],"picked":"True Grit","floor":27.0},{"not_picked":["Iron Wave+1","Infernal Blade+1","Anger"],"picked":"SKIP","floor":31.0},{"not_picked":["Feed","Double Tap"],"picked":"Impervious","floor":33.0},{"not_picked":["Pummel","Battle Trance"],"picked":"Dual Wield","floor":35.0},{"not_picked":["Headbutt","Wild Strike"],"picked":"True Grit","floor":37.0},{"not_picked":["Anger","Corruption"],"picked":"Body Slam","floor":41.0},{"not_picked":["Sword Boomerang","Flex"],"picked":"Shockwave","floor":45.0},{"not_picked":["Clash","Power Through"],"picked":"Body Slam+1","floor":46.0},{"not_picked":["Heavy Blade","Clash"],"picked":"Disarm+1","floor":55}],"player_experience":861475,"relics_obtained":[{"floor":6.0,"key":"Ornamental Fan"},{"floor":8.0,"key":"StrikeDummy"},{"floor":9.0,"key":"White Beast Statue"},{"floor":13.0,"key":"Red Skull"},{"floor":14.0,"key":"Odd Mushroom"},{"floor":24.0,"key":"Nunchaku"},{"floor":26.0,"key":"Bottled Flame"},{"floor":27.0,"key":"MawBank"},{"floor":31.0,"key":"Lantern"},{"floor":41.0,"key":"Toy Ornithopter"},{"floor":46.0,"key":"Blue Candle"},{"floor":55,"key":"Bottled Lightning"}],"event_choices":[{"damage_healed":0.0,"max_hp_gain":0.0,"max_hp_loss":0.0,"gold_gain":75.0,"event_name":"World of Goop","player_choice":"Gather Gold","floor":5.0,"gold_loss":0.0,"damage_taken":11.0},{"damage_healed":0.0,"max_hp_gain":0.0,"max_hp_loss":0.0,"gold_gain":0.0,"event_name":"Mushrooms","player_choice":"Fought Mushrooms","floor":14.0,"gold_loss":0.0,"damage_taken":0.0},{"cards_removed":["Strike_R"],"damage_healed":0.0,"max_hp_gain":0.0,"max_hp_loss":0.0,"gold_gain":0.0,"event_name":"Beggar","player_choice":"Gave Gold","floor":21.0,"gold_loss":75.0,"damage_taken":0.0},{"damage_healed":0.0,"max_hp_gain":0.0,"max_hp_loss":0.0,"gold_gain":0.0,"event_name":"Addict","player_choice":"Obtained Relic","floor":22.0,"gold_loss":85.0,"damage_taken":0.0,"relics_obtained":["Oddly Smooth Stone"]},{"damage_healed":0.0,"max_hp_gain":0.0,"max_hp_loss":0.0,"gold_gain":0.0,"event_name":"Forgotten Altar","player_choice":"Smashed Altar","floor":30.0,"gold_loss":0.0,"damage_taken":0.0,"cards_obtained":["Decay"]},{"damage_healed":0.0,"max_hp_gain":0.0,"max_hp_loss":0.0,"gold_gain":0.0,"event_name":"Upgrade Shrine","player_choice":"Upgraded","floor":39.0,"gold_loss":0.0,"damage_taken":0.0,"cards_upgraded":["Dual Wield"]},{"cards_removed":["Metallicize"],"damage_healed":0.0,"max_hp_gain":0.0,"max_hp_loss":0.0,"gold_gain":0.0,"event_name":"Falling","player_choice":"Removed Power","floor":47.0,"gold_loss":0.0,"damage_taken":0.0}],"is_beta":false,"boss_relics":[{"not_picked":["Tiny House","Cursed Key"],"picked":"Snecko Eye"},{"not_picked":["Mark of Pain","Black Star"],"picked":"Sozu"}],"items_purged_floors":[29,36],"is_endless":false,"potions_floor_spawned":[6,8,11,12,13,14,16,18,20,24,27,31,33,35,37,38,41,45,46,55],"killed_by":"The Heart","ascension_level":20}