{"gold_per_floor":[111,2,2,16,30,57,57,76,76,103,123,138,138,170,170,248,248,260,277,85,100,114,145,145,174,222,242,262,4,37,51,51,127,127,140,140,159,175,191,224,129,163,163,178,178,224,234,262,262,262,262,262,262,137,166,166],"floor_reached":57,"playtime":4868,"items_purged":["Strike_R","Regret","Strike_R"],"score":3131,"play_id":"a91e7ca8-1629-4f50-9c23-c48ebb3a33f5","local_time":"20200925133420","is_ascension_mode":true,"campfire_choices":[{"data":"Inflame","floor":7.0,"key":"SMITH"},{"floor":15.0,"key":"REST"},{"data":"Fiend Fire","floor":24.0,"key":"SMITH"},{"data":"Fiend Fire","floor":32.0,"key":"SMITH"},{"data":"Feel No Pain","floor":45,"key":"SMITH"},{"floor":49,"key":"RECALL"},{"data":"Feel No Pain","floor":53,"key":"SMITH"}],"neow_cost":"NONE","seed_source_timestamp":1484291807764600,"circlet_count":0,"master_deck":["AscendersBane","Strike_R","Defend_R","Defend_R","Defend_R","Defend_R","Bash","Inflame+1","Shrug It Off","Sword Boomerang","Armaments","Inflame","Corruption","True Grit","Sentinel","Reaper","Fiend Fire+1","Spot Weakness","Heavy Blade","Feel No Pain+1","Dropkick","Feel No Pain+1","Limit Break","Clothesline","Barricade","Flame Barrier","Armaments+1","Fiend Fire+1","Shrug It Off","Demon Form+1","Shockwave","Feel No Pain+1","Sword Boomerang+1","Dropkick","Dark Shackles","Uppercut+1","Shrug It Off+1","Disarm"],"special_seed":0,"relics":["Cursed Key","Pear","Red Skull","Potion Belt","Snecko Eye","HornCleat","PreservedInsect","Anchor","OrangePellets","Omamori","Coffee Dripper","Toy Ornithopter","Molten Egg 2","Ancient Tea Set","Self Forming Clay","Nunchaku"],"potions_floor_usage":[56,56,56],"damage_taken":[{"damage":7.0,"enemies":"2 Louse","floor":1.0,"turns":4.0},{"damage":8.0,"enemies":"Small Slimes","floor":4.0,"turns":2.0},{"damage":0.0,"enemies":"Cultist","floor":5.0,"turns":2.0},{"damage":8.0,"enemies":"Gremlin Nob","floor":6.0,"turns":3.0},{"damage":14.0,"enemies":"3 Louse","floor":8.0,"turns":4.0},{"damage":17.0,"enemies":"Lagavulin","floor":10.0,"turns":4.0},{"damage":6.0,"enemies":"Exordium Thugs","floor":11.0,"turns":3.0},{"damage":9.0,"enemies":"Exordium Wildlife","floor":12.0,"turns":4.0},{"damage":0.0,"enemies":"3 Sentries","floor":14.0,"turns":4.0},{"damage":20.0,"enemies":"Hexaghost","floor":16.0,"turns":8.0},{"damage":13.0,"enemies":"2 Thieves","floor":18.0,"turns":4.0},{"damage":14.0,"enemies":"3 Byrds","floor":19.0,"turns":4.0},{"damage":16.0,"enemies":"Snecko","floor":21.0,"turns":4.0},{"damage":28.0,"enemies":"Chosen and Byrds","floor":22.0,"turns":7.0},{"damage":0.0,"enemies":"Gremlin Leader","floor":23.0,"turns":3.0},{"damage":15.0,"enemies":"Slavers","floor":25.0,"turns":6.0},{"damage":15.0,"enemies":"Cultist and Chosen","floor":27.0,"turns":9.0},{"damage":3.0,"enemies":"Snecko","floor":28.0,"turns":5.0},{"damage":0.0,"enemies":"Book of Stabbing","floor":30.0,"turns":3.0},{"damage":0.0,"enemies":"Snake Plant","floor":31.0,"turns":4.0},{"damage":3.0,"enemies":"Collector","floor":33.0,"turns":6.0},{"damage":0.0,"enemies":"Orb Walker","floor":35.0,"turns":4.0},{"damage":10.0,"enemies":"3 Shapes","floor":37.0,"turns":4.0},{"damage":0.0,"enemies":"Spire Growth","floor":38.0,"turns":5.0},{"damage":5.0,"enemies":"Transient","floor":39.0,"turns":6.0},{"damage":0.0,"enemies":"Giant Head","floor":40.0,"turns":5.0},{"damage":52.0,"enemies":"Reptomancer","floor":42.0,"turns":4.0},{"damage":7,"enemies":"4 Shapes","floor":44,"turns":3},{"damage":0,"enemies":"Maw","floor":47,"turns":5},{"damage":3,"enemies":"Nemesis","floor":48,"turns":7},{"damage":50,"enemies":"Time Eater","floor":50,"turns":9},{"damage":27,"enemies":"Donu and Deca","floor":51,"turns":8},{"damage":11,"enemies":"Shield and Spear","floor":55,"turns":7},{"damage":0,"enemies":"The Heart","floor":56,"turns":6}],"seed_played":"819073236559575925","potions_obtained":[{"floor":1.0,"key":"Swift Potion"},{"floor":4.0,"key":"Strength Potion"},{"floor":8.0,"key":"AttackPotion"},{"floor":14.0,"key":"GamblersBrew"},{"floor":16.0,"key":"FairyPotion"},{"floor":18.0,"key":"BloodPotion"},{"floor":25.0,"key":"SneckoOil"},{"floor":28.0,"key":"CultistPotion"},{"floor":40.0,"key":"PowerPotion"},{"floor":55,"key":"PowerPotion"}],"is_trial":false,"path_per_floor":["M","$","?","M","M","E","R","M","T","E","M","M","?","E","R","B",null,"M","M","$","M","M","E","R","E","T","M","M","$","E","M","R","B",null,"M","?","M","M","M","E","$","E","T","M","R","T","M","E","R","B","B",null,"R","$","E","B",null],"character_chosen":"IRONCLAD","items_purchased":["Shrug It Off","Sword Boomerang","Feel No Pain","Dropkick","OrangePellets","Dark Shackles"],"campfire_rested":1,"item_purchase_floors":[2,2,20,20,29,41],"current_hp_per_floor":[61,61,54,46,46,48,48,34,34,17,11,2,2,2,27,20,69,66,52,52,42,24,85,85,70,70,65,62,62,72,78,78,82,84,85,85,75,85,85,85,85,33,33,78,78,78,78,85,85,84,85,85,85,85,85,85],"gold":166,"neow_bonus":"BOSS_RELIC","is_prod":false,"is_daily":false,"chose_seed":false,"campfire_upgraded":5,"win_rate":0,"timestamp":1601058860,"path_taken":["M","$","?","M","M","E","R","M","T","E","M","M","?","E","R","BOSS","M","M","$","?","M","E","R","E","T","M","M","$","E","M","R","BOSS","M","?","M","M","M","E","?","E","T","M","R","?","M","E","R","BOSS","BOSS","R","$","E","BOSS"],"build_version":"2020-07-30","purchased_purges":3,"victory":true,"max_hp_per_floor":[75,75,75,75,75,85,85,85,85,85,85,85,85,85,85,85,85,85,85,85,85,85,85,85,85,85,85,85,85,85,85,85,85,85,85,85,85,85,85,85,85,85,85,85,85,85,85,85,85,85,85,85,85,85,85,85],"card_choices":[{"not_picked":["Clothesline","Sword Boomerang"],"picked":"Inflame","floor":1.0},{"not_picked":["Combust","Dark Embrace"],"picked":"Armaments","floor":4.0},{"not_picked":["Heavy Blade","Wild Strike"],"picked":"Inflame","floor":5.0},{"not_picked":["Blood for Blood","Rupture"],"picked":"Corruption","floor":6.0},{"not_picked":["Headbutt","Havoc","Flex"],"picked":"SKIP","floor":8.0},{"not_picked":["Ghostly Armor","Headbutt"],"picked":"True Grit","floor":10.0},{"not_picked":["Havoc","Power Through","Clash"],"picked":"SKIP","floor":11.0},{"not_picked":["Perfected Strike","Body Slam"],"picked":"Sentinel","floor":12.0},{"not_picked":["Flame Barrier","Armaments"],"picked":"Reaper","floor":14.0},{"not_picked":["Offering","Berserk"],"picked":"Fiend Fire","floor":16.0},{"not_picked":["Dual Wield","Clash"],"picked":"Spot Weakness","floor":18.0},{"not_picked":["Whirlwind","Armaments"],"picked":"Heavy Blade","floor":19.0},{"not_picked":["Havoc","Anger"],"picked":"Feel No Pain","floor":21.0},{"not_picked":["Havoc","Cleave+1"],"picked":"Limit Break","floor":22.0},{"not_picked":["Sever Soul+1","Clothesline","Clash"],"picked":"SKIP","floor":23.0},{"not_picked":["Sever Soul+1","Clash"],"picked":"Clothesline","floor":23.0},{"not_picked":["Flex","Dropkick"],"picked":"Barricade","floor":25.0},{"not_picked":["Infernal Blade","Flex"],"picked":"Flame Barrier","floor":27.0},{"not_picked":["Combust","Perfected Strike"],"picked":"Armaments+1","floor":28.0},{"not_picked":["Power Through","Dropkick"],"picked":"Fiend Fire","floor":30.0},{"not_picked":["Carnage","Pommel Strike"],"picked":"Shrug It Off","floor":31.0},{"not_picked":["Barricade","Bludgeon"],"picked":"Demon Form","floor":33.0},{"not_picked":["Cleave","Spot Weakness","Clothesline"],"picked":"SKIP","floor":35.0},{"not_picked":["Intimidate","Uppercut+1"],"picked":"Shockwave","floor":37.0},{"not_picked":["Armaments","Pommel Strike+1"],"picked":"Feel No Pain+1","floor":38.0},{"not_picked":["Inflame","Reckless Charge"],"picked":"Sword Boomerang+1","floor":39.0},{"not_picked":["Flex","Havoc"],"picked":"Dropkick","floor":40.0},{"not_picked":["Havoc","Sever Soul+1"],"picked":"Uppercut+1","floor":42.0},{"not_picked":["Corruption","Thunderclap+1","Headbutt+1"],"picked":"SKIP","floor":44},{"not_picked":["Clash+1","Rupture+1"],"picked":"Shrug It Off+1","floor":47},{"not_picked":["Barricade","Armaments"],"picked":"Disarm","floor":48},{"not_picked":["Rupture","Heavy Blade+1","Seeing Red"],"picked":"SKIP","floor":55}],"player_experience":786519,"relics_obtained":[{"floor":6.0,"key":"Pear"},{"floor":10.0,"key":"Red Skull"},{"floor":14.0,"key":"Potion Belt"},{"floor":23.0,"key":"HornCleat"},{"floor":25.0,"key":"PreservedInsect"},{"floor":26.0,"key":"Anchor"},{"floor":30.0,"key":"Omamori"},{"floor":40.0,"key":"Toy Ornithopter"},{"floor":42.0,"key":"Molten Egg 2"},{"floor":46,"key":"Ancient Tea Set"},{"floor":48,"key":"Self Forming Clay"},{"floor":55,"key":"Nunchaku"}],"event_choices":[{"cards_removed":["Strike_R"],"damage_healed":0.0,"max_hp_gain":0.0,"max_hp_loss":0.0,"gold_gain":0.0,"event_name":"Golden Wing","player_choice":"Card Removal","floor":3.0,"gold_loss":0.0,"damage_taken":7.0},{"cards_removed":["Strike_R"],"damage_healed":0.0,"max_hp_gain":0.0,"max_hp_loss":0.0,"gold_gain":0.0,"event_name":"Purifier","player_choice":"Purged","floor":13.0,"gold_loss":0.0,"damage_taken":0.0},{"damage_healed":0.0,"max_hp_gain":0.0,"max_hp_loss":0.0,"gold_gain":0.0,"event_name":"Upgrade Shrine","player_choice":"Upgraded","floor":36.0,"gold_loss":0.0,"damage_taken":0.0,"cards_upgraded":["Demon Form"]}],"is_beta":false,"boss_relics":[{"not_picked":["Tiny House","Mark of Pain"],"picked":"Snecko Eye"},{"not_picked":["SacredBark","Runic Cube"],"picked":"Coffee Dripper"}],"items_purged_floors":[20,29,54],"is_endless":false,"potions_floor_spawned":[1,4,8,14,16,18,25,28,31,35,40,42,55],"ascension_level":20}