{"gold_per_floor":[360,376,391,23,23,23,58,58,129,160,180,211,225,256,256,330,330,349,361,361],"floor_reached":20,"playtime":1293,"items_purged":[],"score":458,"play_id":"39c9b068-6596-4cee-bfa5-19ecdc5a1d88","local_time":"20200924223203","is_ascension_mode":true,"campfire_choices":[{"data":"Wild Strike","floor":6,"key":"SMITH"},{"data":"Armaments","floor":8,"key":"SMITH"},{"data":"Fiend Fire","floor":15,"key":"SMITH"}],"neow_cost":"TEN_PERCENT_HP_LOSS","seed_source_timestamp":1433828250402400,"circlet_count":0,"master_deck":["AscendersBane","Strike_R","Strike_R","Strike_R","Strike_R","Strike_R+1","Defend_R","Defend_R","Defend_R","Defend_R","Bash+1","Armaments+1","Wild Strike+1","Fire Breathing+1","Ghostly Armor","Anger","Fiend Fire+1","Brutality+1","Metallicize+1"],"relics":["Burning Blood","Frozen Egg 2","Whetstone","Matryoshka","HornCleat","Toy Ornithopter","Bottled Flame","Runic Pyramid"],"potions_floor_usage":[10,10],"damage_taken":[{"damage":6,"enemies":"Cultist","floor":1,"turns":3},{"damage":9,"enemies":"Jaw Worm","floor":2,"turns":5},{"damage":3,"enemies":"2 Louse","floor":3,"turns":5},{"damage":20,"enemies":"3 Sentries","floor":7,"turns":4},{"damage":19,"enemies":"Gremlin Nob","floor":10,"turns":4},{"damage":8,"enemies":"Blue Slaver","floor":11,"turns":4},{"damage":11,"enemies":"3 Sentries","floor":12,"turns":5},{"damage":3,"enemies":"Large Slime","floor":13,"turns":5},{"damage":0,"enemies":"Gremlin Nob","floor":14,"turns":3},{"damage":25,"enemies":"Slime Boss","floor":16,"turns":6},{"damage":28,"enemies":"2 Thieves","floor":18,"turns":4},{"damage":1,"enemies":"Spheric Guardian","floor":19,"turns":2},{"damage":3,"enemies":"Masked Bandits","floor":20,"turns":3}],"seed_played":"-6829654609574385228","potions_obtained":[{"floor":2,"key":"Weak Potion"},{"floor":7,"key":"Swift Potion"},{"floor":14,"key":"EssenceOfSteel"},{"floor":19,"key":"Fire Potion"}],"is_trial":false,"path_per_floor":["M","M","M","$","?","R","E","R","T","E","M","E","M","E","R","B",null,"M","M","?"],"character_chosen":"IRONCLAD","items_purchased":["Frozen Egg 2","Fire Breathing+1"],"campfire_rested":0,"item_purchase_floors":[4,4],"current_hp_per_floor":[68,65,68,68,68,68,54,54,54,41,39,34,37,43,43,24,57,35,40,37],"gold":361,"neow_bonus":"TWO_FIFTY_GOLD","is_prod":false,"is_daily":false,"chose_seed":false,"campfire_upgraded":3,"win_rate":0,"timestamp":1601004723,"path_taken":["M","M","?","$","?","R","E","R","T","E","M","E","M","E","R","BOSS","M","M","?"],"build_version":"2020-07-30","purchased_purges":0,"victory":false,"max_hp_per_floor":[68,68,68,68,68,68,68,68,68,68,68,68,68,68,68,68,68,68,68,68],"card_choices":[{"not_picked":["Body Slam","Infernal Blade","Flex"],"picked":"SKIP","floor":1},{"not_picked":["Sever Soul","Rupture"],"picked":"Armaments","floor":2},{"not_picked":["Warcry","Heavy Blade"],"picked":"Wild Strike","floor":3},{"not_picked":["Perfected Strike","Searing Blow"],"picked":"Ghostly Armor","floor":7},{"not_picked":["Warcry","Headbutt","Whirlwind"],"picked":"SKIP","floor":10},{"not_picked":["Reckless Charge","Thunderclap"],"picked":"Anger","floor":11},{"not_picked":["Demon Form+1","Twin Strike"],"picked":"Fiend Fire","floor":12},{"not_picked":["Havoc","Armaments","Pommel Strike"],"picked":"SKIP","floor":13},{"not_picked":["Rage","Rupture+1","Armaments"],"picked":"SKIP","floor":14},{"not_picked":["Limit Break","Barricade+1"],"picked":"Brutality+1","floor":16},{"not_picked":["Twin Strike","Clothesline","Clash"],"picked":"SKIP","floor":18},{"not_picked":["Pommel Strike","Carnage+1"],"picked":"Metallicize+1","floor":19}],"player_experience":778027,"relics_obtained":[{"floor":7,"key":"Whetstone"},{"floor":9,"key":"Matryoshka"},{"floor":10,"key":"HornCleat"},{"floor":12,"key":"Toy Ornithopter"},{"floor":14,"key":"Bottled Flame"}],"event_choices":[{"damage_healed":0,"gold_gain":0,"player_choice":"Ignored","damage_taken":0,"max_hp_gain":0,"max_hp_loss":0,"event_name":"Liars Game","floor":5,"gold_loss":0},{"damage_healed":0,"gold_gain":0,"player_choice":"Fought Bandits","damage_taken":0,"max_hp_gain":0,"max_hp_loss":0,"event_name":"Masked Bandits","floor":20,"gold_loss":0}],"is_beta":false,"boss_relics":[{"not_picked":["Cursed Key","Mark of Pain"],"picked":"Runic Pyramid"}],"items_purged_floors":[],"is_endless":false,"potions_floor_spawned":[2,7,14,19],"killed_by":"Masked Bandits","ascension_level":20}