{"gold_per_floor":[115,125,138,151,151,185,185,218,245,245,260,260],"floor_reached":12,"playtime":701,"items_purged":[],"score":180,"play_id":"86898f54-f5ea-4285-9744-05b09596b307","local_time":"20200928190921","is_ascension_mode":true,"campfire_choices":[{"data":"Bash","floor":7,"key":"SMITH"}],"neow_cost":"NONE","seed_source_timestamp":1767865472939800,"circlet_count":0,"master_deck":["AscendersBane","Strike_R","Strike_R","Strike_R","Strike_R","Strike_R","Defend_R","Defend_R","Defend_R","Defend_R+1","Bash+1","Carnage","Shrug It Off","Shockwave","True Grit+1","Havoc","Feed","Shrug It Off"],"relics":["Burning Blood","Orichalcum","Potion Belt","War Paint"],"potions_floor_usage":[12],"damage_taken":[{"damage":7,"enemies":"Cultist","floor":1,"turns":4},{"damage":4,"enemies":"2 Louse","floor":2,"turns":3},{"damage":8,"enemies":"Jaw Worm","floor":3,"turns":7},{"damage":3,"enemies":"Looter","floor":4,"turns":3},{"damage":27,"enemies":"Lagavulin","floor":6,"turns":8},{"damage":17,"enemies":"Gremlin Nob","floor":8,"turns":4},{"damage":15,"enemies":"Lots of Slimes","floor":11,"turns":7},{"damage":36,"enemies":"3 Sentries","floor":12,"turns":5}],"seed_played":"-6926782835895432473","potions_obtained":[{"floor":1,"key":"PowerPotion"},{"floor":2,"key":"BlessingOfTheForge"}],"is_trial":false,"path_per_floor":["M","M","M","M","?","E","R","E","T","?","M","E"],"character_chosen":"IRONCLAD","items_purchased":[],"campfire_rested":0,"item_purchase_floors":[],"current_hp_per_floor":[74,76,74,77,77,56,56,45,45,50,44,8],"gold":260,"neow_bonus":"TEN_PERCENT_HP_BONUS","is_prod":false,"is_daily":false,"chose_seed":false,"campfire_upgraded":1,"win_rate":0,"timestamp":1601338161,"path_taken":["M","M","M","M","?","E","R","E","T","?","M","E"],"build_version":"2020-07-30","purchased_purges":0,"victory":false,"max_hp_per_floor":[82,82,82,82,82,82,82,82,82,87,90,90],"card_choices":[{"not_picked":["Anger","Second Wind"],"picked":"Carnage","floor":1},{"not_picked":["True Grit","Whirlwind"],"picked":"Shrug It Off","floor":2},{"not_picked":["Havoc","Infernal Blade"],"picked":"Shockwave","floor":3},{"not_picked":["Rage","Sentinel"],"picked":"True Grit","floor":4},{"not_picked":["Body Slam","Perfected Strike"],"picked":"Havoc","floor":6},{"not_picked":["Inflame","Shrug It Off"],"picked":"Feed","floor":8},{"not_picked":["Warcry","Sword Boomerang"],"picked":"Shrug It Off","floor":11}],"player_experience":885574,"relics_obtained":[{"floor":6,"key":"Orichalcum"},{"floor":8,"key":"Potion Belt"},{"floor":9,"key":"War Paint"}],"event_choices":[{"damage_healed":0,"gold_gain":0,"player_choice":"Ignored","damage_taken":0,"max_hp_gain":0,"max_hp_loss":0,"event_name":"Liars Game","floor":5,"gold_loss":0},{"damage_healed":0,"gold_gain":0,"player_choice":"Donut","damage_taken":0,"max_hp_gain":5,"max_hp_loss":0,"event_name":"Big Fish","floor":10,"gold_loss":0}],"is_beta":false,"boss_relics":[],"items_purged_floors":[],"is_endless":false,"potions_floor_spawned":[1,2,4,6],"killed_by":"3 Sentries","ascension_level":20}