{"gold_per_floor":[110,56,131,131,147,147,182,182,228,267,290,290,310,333,333,333],"floor_reached":16,"playtime":644,"items_purged":[],"score":220,"play_id":"4007f041-561a-40df-89e3-66248cf447ca","local_time":"20200924220523","is_ascension_mode":true,"campfire_choices":[{"data":"Dark Embrace","floor":6.0,"key":"SMITH"},{"data":"Fiend Fire","floor":8.0,"key":"SMITH"},{"data":"Bash","floor":12.0,"key":"SMITH"},{"data":"Flame Barrier","floor":15.0,"key":"SMITH"}],"neow_cost":"NONE","seed_source_timestamp":1432641438798800,"circlet_count":0,"master_deck":["AscendersBane","Strike_R","Strike_R","Strike_R","Strike_R","Strike_R","Defend_R","Defend_R","Defend_R","Defend_R","Bash+1","Exhume","Dark Embrace+1","Shrug It Off+1","True Grit+1","Fiend Fire+1","Flame Barrier+1","Inflame"],"special_seed":0,"relics":["Burning Blood","Golden Idol","Anchor","War Paint","Meat on the Bone"],"potions_floor_usage":[],"damage_taken":[{"damage":8.0,"enemies":"2 Louse","floor":1.0,"turns":4.0},{"damage":6.0,"enemies":"Small Slimes","floor":5.0,"turns":7.0},{"damage":45.0,"enemies":"3 Sentries","floor":7.0,"turns":12.0},{"damage":11.0,"enemies":"Lagavulin","floor":10.0,"turns":5.0},{"damage":0.0,"enemies":"Jaw Worm","floor":11.0,"turns":2.0},{"damage":0.0,"enemies":"Blue Slaver","floor":13.0,"turns":4.0},{"damage":0.0,"enemies":"Large Slime","floor":14.0,"turns":2.0},{"damage":0,"enemies":"Slime Boss","floor":16,"turns":1}],"seed_played":"-7151913145311333032","potions_obtained":[{"floor":7.0,"key":"ColorlessPotion"},{"floor":11.0,"key":"ElixirPotion"},{"floor":14.0,"key":"ElixirPotion"}],"is_trial":false,"path_per_floor":["M","$","?","?","M","R","E","R","T","E","M","R","M","M","R","B"],"character_chosen":"IRONCLAD","items_purchased":["Shrug It Off"],"campfire_rested":0,"item_purchase_floors":[2],"current_hp_per_floor":[66,66,55,55,55,55,16,16,16,11,29,29,47,53,53,53],"gold":333,"neow_bonus":"ONE_RANDOM_RARE_CARD","is_prod":false,"is_daily":false,"chose_seed":false,"campfire_upgraded":4,"win_rate":0,"timestamp":1601003123,"path_taken":["M","$","?","?","M","R","E","R","T","E","M","R","M","M","R","BOSS"],"build_version":"2020-07-30","purchased_purges":0,"victory":false,"max_hp_per_floor":[75,75,75,68,68,68,68,68,68,68,68,68,68,68,68,68],"card_choices":[{"not_picked":["Shrug It Off","Rage"],"picked":"Dark Embrace","floor":1.0},{"not_picked":["Armaments","Warcry"],"picked":"True Grit","floor":5.0},{"not_picked":["Shrug It Off","Pommel Strike"],"picked":"Fiend Fire","floor":7.0},{"not_picked":["Warcry","Spot Weakness","Twin Strike"],"picked":"SKIP","floor":10.0},{"not_picked":["Pommel Strike","Metallicize"],"picked":"Flame Barrier","floor":11.0},{"not_picked":["Fire Breathing","Headbutt","Perfected Strike"],"picked":"SKIP","floor":13.0},{"not_picked":["Dropkick","Pommel Strike"],"picked":"Inflame","floor":14.0}],"player_experience":777097,"relics_obtained":[{"floor":7.0,"key":"Anchor"},{"floor":9.0,"key":"War Paint"},{"floor":10.0,"key":"Meat on the Bone"}],"event_choices":[{"damage_healed":0.0,"max_hp_gain":0.0,"max_hp_loss":0.0,"gold_gain":75.0,"event_name":"World of Goop","player_choice":"Gather Gold","floor":3.0,"gold_loss":0.0,"damage_taken":11.0},{"damage_healed":0.0,"max_hp_gain":0.0,"max_hp_loss":7.0,"gold_gain":0.0,"event_name":"Golden Idol","player_choice":"Lose Max HP","floor":4.0,"gold_loss":0.0,"damage_taken":0.0,"relics_obtained":["Golden Idol"]}],"is_beta":false,"boss_relics":[],"items_purged_floors":[],"is_endless":false,"potions_floor_spawned":[7,11,14],"killed_by":"Slime Boss","ascension_level":20}