{"gold_per_floor":[114,125,142,36,48,48,75,75,75,89,89,103,131,144,144,218,218,237,256,256,95,113,145,145,178,202,202,218,168,178,203,203,203],"floor_reached":33,"playtime":1611,"items_purged":[],"score":638,"play_id":"f1665786-9cc2-4540-b9a9-07460c7e170a","local_time":"20200924215029","is_ascension_mode":true,"campfire_choices":[{"data":"Spot Weakness","floor":6.0,"key":"SMITH"},{"data":"Spot Weakness","floor":15.0,"key":"SMITH"},{"floor":24,"key":"REST"},{"floor":27,"key":"REST"},{"floor":32,"key":"REST"}],"neow_cost":"NONE","seed_source_timestamp":1430923255524600,"circlet_count":0,"master_deck":["AscendersBane","Strike_R","Strike_R","Strike_R","Strike_R","Strike_R","Defend_R","Defend_R","Defend_R","Defend_R","Bash","Spot Weakness+1","Shrug It Off","Shockwave","Inflame+1","Twin Strike","Iron Wave","Pommel Strike","Battle Trance","Spot Weakness+1","Impervious","Flame Barrier","Shrug It Off","Inflame","Carnage","Pommel Strike","True Grit","Offering"],"special_seed":0,"relics":["Red Skull","Ornamental Fan","Darkstone Periapt","Akabeko","Bag of Marbles","Sozu","Nloth\u0027s Gift","Happy Flower","Torii","PreservedInsect","Art of War"],"potions_floor_usage":[25,33],"damage_taken":[{"damage":9.0,"enemies":"Jaw Worm","floor":1.0,"turns":5.0},{"damage":10.0,"enemies":"Small Slimes","floor":2.0,"turns":4.0},{"damage":10.0,"enemies":"Cultist","floor":3.0,"turns":5.0},{"damage":11.0,"enemies":"Blue Slaver","floor":5.0,"turns":4.0},{"damage":15.0,"enemies":"Lagavulin","floor":7.0,"turns":6.0},{"damage":12.0,"enemies":"Red Slaver","floor":10.0,"turns":4.0},{"damage":7.0,"enemies":"Exordium Wildlife","floor":12.0,"turns":5.0},{"damage":8.0,"enemies":"Gremlin Nob","floor":13.0,"turns":3.0},{"damage":0.0,"enemies":"Looter","floor":14.0,"turns":1.0},{"damage":21.0,"enemies":"The Guardian","floor":16.0,"turns":8.0},{"damage":18.0,"enemies":"3 Byrds","floor":18.0,"turns":5.0},{"damage":20.0,"enemies":"Spheric Guardian","floor":19.0,"turns":6.0},{"damage":2.0,"enemies":"Centurion and Healer","floor":22.0,"turns":4.0},{"damage":18,"enemies":"Gremlin Leader","floor":23,"turns":3},{"damage":19,"enemies":"Slavers","floor":25,"turns":7},{"damage":11,"enemies":"Shelled Parasite and Fungi","floor":28,"turns":4},{"damage":18,"enemies":"Snake Plant","floor":30,"turns":3},{"damage":8,"enemies":"Book of Stabbing","floor":31,"turns":2},{"damage":15,"enemies":"Collector","floor":33,"turns":6}],"seed_played":"1972117180655769685","potions_obtained":[{"floor":2.0,"key":"SpeedPotion"},{"floor":3.0,"key":"Swift Potion"}],"is_trial":false,"path_per_floor":["M","M","M","$","M","R","E","?","T","M","?","M","E","M","R","B",null,"M","M","?","$","M","E","R","E","T","R","M","?","M","E","R","B"],"character_chosen":"IRONCLAD","items_purchased":["Inflame","Twin Strike","Happy Flower"],"campfire_rested":3,"item_purchase_floors":[4,4,21],"current_hp_per_floor":[65,61,57,57,52,52,43,43,43,37,32,31,29,35,35,20,61,49,35,35,35,33,15,37,18,18,40,29,29,11,3,25,10],"gold":203,"neow_bonus":"RANDOM_COMMON_RELIC","is_prod":false,"is_daily":false,"chose_seed":false,"campfire_upgraded":2,"win_rate":0,"timestamp":1601002229,"path_taken":["M","M","M","$","M","R","E","?","T","M","?","M","E","M","R","BOSS","M","M","?","$","?","E","R","E","T","R","M","?","?","E","R","BOSS"],"build_version":"2020-07-30","purchased_purges":0,"victory":false,"max_hp_per_floor":[75,75,75,75,75,75,75,75,75,75,75,75,75,75,75,75,75,75,75,75,75,75,75,75,75,75,75,75,75,75,75,75,75],"card_choices":[{"not_picked":["Wild Strike","Thunderclap"],"picked":"Spot Weakness","floor":1.0},{"not_picked":["Pummel","Metallicize"],"picked":"Shrug It Off","floor":2.0},{"not_picked":["Wild Strike","True Grit"],"picked":"Shockwave","floor":3.0},{"not_picked":["Wild Strike","Fire Breathing"],"picked":"Iron Wave","floor":5.0},{"not_picked":["Blood for Blood","Exhume","Rampage"],"picked":"SKIP","floor":7.0},{"not_picked":["Rage","Perfected Strike"],"picked":"Pommel Strike","floor":10.0},{"not_picked":["Seeing Red","Rupture","Thunderclap"],"picked":"SKIP","floor":12.0},{"not_picked":["Sword Boomerang","Wild Strike"],"picked":"Battle Trance","floor":13.0},{"not_picked":["Dark Embrace","Flex"],"picked":"Spot Weakness","floor":14.0},{"not_picked":["Demon Form","Brutality"],"picked":"Impervious","floor":16.0},{"not_picked":["Feel No Pain","Spot Weakness"],"picked":"Flame Barrier","floor":18.0},{"not_picked":["Dark Embrace","Armaments"],"picked":"Shrug It Off","floor":19.0},{"not_picked":["Wild Strike","Rage"],"picked":"Inflame","floor":22.0},{"not_picked":["Combust","Burning Pact"],"picked":"Carnage","floor":23},{"not_picked":["Whirlwind","Clash"],"picked":"Pommel Strike","floor":25},{"not_picked":["Barricade","Dual Wield"],"picked":"True Grit","floor":28},{"not_picked":["Rupture","Warcry","Clash"],"picked":"SKIP","floor":30},{"not_picked":["Anger+1","Headbutt"],"picked":"Offering","floor":31}],"player_experience":775486,"relics_obtained":[{"floor":7.0,"key":"Ornamental Fan"},{"floor":9.0,"key":"Darkstone Periapt"},{"floor":13.0,"key":"Bag of Marbles"},{"floor":25,"key":"Torii"},{"floor":26,"key":"PreservedInsect"},{"floor":31,"key":"Art of War"}],"event_choices":[{"damage_healed":0.0,"max_hp_gain":0.0,"max_hp_loss":0.0,"gold_gain":0.0,"event_name":"Living Wall","player_choice":"Grow","floor":8.0,"gold_loss":0.0,"damage_taken":0.0,"cards_upgraded":["Inflame"]},{"damage_healed":0.0,"max_hp_gain":0.0,"max_hp_loss":0.0,"gold_gain":0.0,"event_name":"Scrap Ooze","player_choice":"Success","floor":11.0,"gold_loss":0.0,"damage_taken":5.0,"relics_obtained":["Akabeko"]},{"damage_healed":0.0,"max_hp_gain":0.0,"max_hp_loss":0.0,"gold_gain":0.0,"event_name":"N\u0027loth","player_choice":"Traded Relic","floor":20.0,"relics_lost":["Burning Blood"],"gold_loss":0.0,"damage_taken":0.0,"relics_obtained":["Nloth\u0027s Gift"]},{"damage_healed":0,"gold_gain":0,"player_choice":"Bet on Owner","damage_taken":0,"max_hp_gain":0,"max_hp_loss":0,"event_name":"The Joust","floor":29,"gold_loss":50}],"is_beta":false,"boss_relics":[{"not_picked":["Snecko Eye","SacredBark"],"picked":"Sozu"}],"items_purged_floors":[],"is_endless":false,"potions_floor_spawned":[2,3,7,10,13,19,28,30],"killed_by":"Collector","ascension_level":20}