{"gold_per_floor":[118,64,77,77,88,88,114,114,138,170,170,192,192,218,218,304,304,326,206,225,242,21,21,40,73,82,191,191,236,236,136,136,220,220,240,115,135,147,147,185,199,235,244,269,269,269,46,55,55,55,55,55,55,1,31,31],"floor_reached":56,"playtime":4587,"items_purged":["Strike_R","Normality","Anger+1"],"score":1972,"play_id":"fa07f30f-8323-4ef9-b709-9fe7ec2bc402","local_time":"20200925114003","is_ascension_mode":true,"campfire_choices":[{"data":"Bash","floor":6.0,"key":"SMITH"},{"data":"Disarm","floor":8.0,"key":"SMITH"},{"data":"Inflame","floor":11.0,"key":"SMITH"},{"data":"Anger","floor":13.0,"key":"SMITH"},{"data":"True Grit","floor":15.0,"key":"SMITH"},{"data":"Immolate","floor":23.0,"key":"SMITH"},{"data":"Inflame","floor":28.0,"key":"SMITH"},{"data":"Wild Strike","floor":30.0,"key":"SMITH"},{"floor":32.0,"key":"REST"},{"data":"Flame Barrier","floor":45.0,"key":"SMITH"},{"floor":49.0,"key":"RECALL"},{"data":"Whirlwind","floor":53,"key":"SMITH"}],"neow_cost":"NONE","seed_source_timestamp":1477320849638200,"circlet_count":0,"master_deck":["AscendersBane","Defend_R","Defend_R","Defend_R","Defend_R","Bash+1","Disarm+1","Wild Strike","Wild Strike+1","Inflame+1","Shrug It Off","True Grit+1","Immolate+1","Shrug It Off","Shrug It Off","Shrug It Off","Inflame+1","Bite","Bite","Bite","Bite","Bite","Reaper","Flame Barrier+1","Limit Break","Flame Barrier+1","Regret","Corruption","Whirlwind+1","Shame"],"special_seed":0,"relics":["Burning Blood","Toy Ornithopter","CeramicFish","Pen Nib","Cursed Key","Oddly Smooth Stone","Meat on the Bone","Pear","Ice Cream","HornCleat","Snecko Eye","Orichalcum","Toxic Egg 2","MealTicket","CaptainsWheel","Eternal Feather"],"potions_floor_usage":[50,56],"damage_taken":[{"damage":7.0,"enemies":"Cultist","floor":1.0,"turns":4.0},{"damage":7.0,"enemies":"Jaw Worm","floor":3.0,"turns":5.0},{"damage":4.0,"enemies":"Small Slimes","floor":5.0,"turns":3.0},{"damage":35.0,"enemies":"Gremlin Nob","floor":7.0,"turns":4.0},{"damage":32.0,"enemies":"Lagavulin","floor":10.0,"turns":5.0},{"damage":1.0,"enemies":"Exordium Wildlife","floor":12.0,"turns":2.0},{"damage":1.0,"enemies":"Large Slime","floor":14.0,"turns":5.0},{"damage":31.0,"enemies":"Slime Boss","floor":16.0,"turns":6.0},{"damage":19.0,"enemies":"Shell Parasite","floor":18.0,"turns":5.0},{"damage":15.0,"enemies":"3 Byrds","floor":20.0,"turns":5.0},{"damage":14.0,"enemies":"Snake Plant","floor":21.0,"turns":2.0},{"damage":14.0,"enemies":"Centurion and Healer","floor":24.0,"turns":6.0},{"damage":13.0,"enemies":"Book of Stabbing","floor":25.0,"turns":3.0},{"damage":4.0,"enemies":"Colosseum Slavers","floor":27.0,"turns":3.0},{"damage":47.0,"enemies":"Colosseum Nobs","floor":27.0,"turns":5.0},{"damage":62.0,"enemies":"Champ","floor":33.0,"turns":11.0},{"damage":7.0,"enemies":"3 Shapes","floor":35.0,"turns":3.0},{"damage":25.0,"enemies":"3 Darklings","floor":37.0,"turns":6.0},{"damage":20.0,"enemies":"Spire Growth","floor":38.0,"turns":6.0},{"damage":13.0,"enemies":"Nemesis","floor":40.0,"turns":5.0},{"damage":23.0,"enemies":"4 Shapes","floor":41.0,"turns":6.0},{"damage":18.0,"enemies":"Giant Head","floor":42.0,"turns":5.0},{"damage":28.0,"enemies":"Reptomancer","floor":44.0,"turns":5.0},{"damage":92,"enemies":"Awakened One","floor":50,"turns":9},{"damage":62,"enemies":"Time Eater","floor":51,"turns":9},{"damage":39,"enemies":"Shield and Spear","floor":55,"turns":6},{"damage":78,"enemies":"The Heart","floor":56,"turns":3}],"seed_played":"-5453308095926838974","potions_obtained":[{"floor":1.0,"key":"PowerPotion"},{"floor":3.0,"key":"Dexterity Potion"},{"floor":7.0,"key":"FearPotion"},{"floor":14.0,"key":"SpeedPotion"},{"floor":27.0,"key":"FearPotion"},{"floor":33.0,"key":"CultistPotion"},{"floor":38.0,"key":"BlessingOfTheForge"},{"floor":41.0,"key":"AttackPotion"},{"floor":42.0,"key":"GamblersBrew"}],"is_trial":false,"path_per_floor":["M","$","M","$","M","R","E","R","T","E","R","M","R","M","R","B",null,"M","$","M","M","$","R","M","E","T","?","R","?","R","$","R","B",null,"M","$","M","M","?","E","M","E","T","E","R","?","$","T","R","B","B",null,"R","$","E","B"],"character_chosen":"IRONCLAD","items_purchased":["Wild Strike","Shrug It Off","Oddly Smooth Stone","Fire Potion","Corruption","Whirlwind","Strength Potion"],"campfire_rested":1,"item_purchase_floors":[2,19,22,22,47,47,54],"current_hp_per_floor":[74,74,73,73,75,75,46,46,46,20,20,30,30,35,35,15,65,52,52,43,35,35,35,27,25,35,25,25,25,25,25,44,27,55,58,58,64,56,56,61,60,59,59,54,54,54,61,61,61,38,32,54,54,61,54,0],"gold":31,"neow_bonus":"TEN_PERCENT_HP_BONUS","is_prod":false,"is_daily":false,"chose_seed":false,"campfire_upgraded":10,"win_rate":0,"timestamp":1601052003,"path_taken":["M","$","M","?","M","R","E","R","T","E","R","M","R","M","R","BOSS","M","$","M","M","$","R","M","E","T","?","R","?","R","?","R","BOSS","M","$","M","M","?","E","M","E","T","E","R","?","$","?","R","BOSS","BOSS","R","$","E","BOSS"],"build_version":"2020-07-30","purchased_purges":3,"victory":false,"max_hp_per_floor":[82,82,82,82,82,82,82,82,82,82,82,82,82,82,82,82,82,82,82,82,82,82,82,82,82,92,92,92,64,64,64,64,64,64,64,64,64,64,64,64,64,64,64,64,64,61,61,61,61,61,61,61,61,61,61,61],"card_choices":[{"not_picked":["Anger","Rage"],"picked":"Disarm","floor":1.0},{"not_picked":["Heavy Blade","Flex"],"picked":"Anger","floor":3.0},{"not_picked":["Havoc","Flex"],"picked":"Wild Strike","floor":5.0},{"not_picked":["Anger","Pummel"],"picked":"Inflame","floor":7.0},{"not_picked":["Headbutt","Pommel Strike","Heavy Blade"],"picked":"SKIP","floor":10.0},{"not_picked":["Rage","Clash"],"picked":"Shrug It Off","floor":12.0},{"not_picked":["Fire Breathing","Infernal Blade"],"picked":"True Grit","floor":14.0},{"not_picked":["Impervious","Berserk"],"picked":"Immolate","floor":16.0},{"not_picked":["True Grit","Wild Strike+1"],"picked":"Shrug It Off","floor":18.0},{"not_picked":["Wild Strike+1","Iron Wave","Sword Boomerang"],"picked":"SKIP","floor":20.0},{"not_picked":["Cleave","Hemokinesis","Twin Strike"],"picked":"SKIP","floor":21.0},{"not_picked":["Armaments","Anger"],"picked":"Shrug It Off","floor":24.0},{"not_picked":["Entrench","True Grit","Body Slam"],"picked":"SKIP","floor":25.0},{"not_picked":["Feed","Body Slam"],"picked":"Inflame","floor":27.0},{"not_picked":["Impervious","Fiend Fire"],"picked":"Reaper","floor":33.0},{"not_picked":["Whirlwind","Cleave"],"picked":"Flame Barrier","floor":35.0},{"not_picked":["Body Slam","Armaments","Metallicize+1"],"picked":"SKIP","floor":37.0},{"not_picked":["Pommel Strike","Clash","Entrench"],"picked":"SKIP","floor":38.0},{"not_picked":["Rampage+1","True Grit"],"picked":"Limit Break","floor":40.0},{"not_picked":["Clash","Pommel Strike","Anger"],"picked":"SKIP","floor":41.0},{"not_picked":["Entrench+1","Body Slam+1"],"picked":"Flame Barrier+1","floor":42.0},{"not_picked":["Warcry+1","Rage+1","Havoc+1"],"picked":"SKIP","floor":44.0},{"not_picked":["Reckless Charge+1","Havoc+1","Armaments+1"],"picked":"SKIP","floor":55}],"player_experience":780808,"relics_obtained":[{"floor":7.0,"key":"Toy Ornithopter"},{"floor":9.0,"key":"CeramicFish"},{"floor":10.0,"key":"Pen Nib"},{"floor":25.0,"key":"Meat on the Bone"},{"floor":26.0,"key":"Pear"},{"floor":27.0,"key":"Ice Cream"},{"floor":27.0,"key":"HornCleat"},{"floor":40.0,"key":"Orichalcum"},{"floor":42.0,"key":"Toxic Egg 2"},{"floor":44.0,"key":"MealTicket"},{"floor":48.0,"key":"CaptainsWheel"},{"floor":55,"key":"Eternal Feather"}],"event_choices":[{"damage_healed":0.0,"max_hp_gain":0.0,"max_hp_loss":0.0,"gold_gain":0.0,"event_name":"Colosseum","player_choice":"Fight","floor":27.0,"gold_loss":0.0,"damage_taken":0.0},{"damage_healed":0.0,"max_hp_gain":0.0,"max_hp_loss":0.0,"gold_gain":0.0,"event_name":"Colosseum","player_choice":"Fought Nobs","floor":27.0,"gold_loss":0.0,"damage_taken":0.0},{"damage_healed":0.0,"max_hp_gain":0.0,"max_hp_loss":28.0,"gold_gain":0.0,"event_name":"Vampires","player_choice":"Became a vampire","floor":29.0,"gold_loss":0.0,"damage_taken":0.0,"cards_obtained":["Bite","Bite","Bite","Bite","Bite"]},{"damage_healed":0.0,"max_hp_gain":0.0,"max_hp_loss":0.0,"gold_gain":0.0,"event_name":"SensoryStone","player_choice":"Memory 1","floor":39.0,"gold_loss":0.0,"damage_taken":0.0},{"damage_healed":0.0,"max_hp_gain":0.0,"max_hp_loss":3.0,"gold_gain":0.0,"event_name":"Winding Halls","player_choice":"Max HP","floor":46.0,"gold_loss":0.0,"damage_taken":0.0}],"is_beta":false,"boss_relics":[{"not_picked":["Runic Cube","Ectoplasm"],"picked":"Cursed Key"},{"not_picked":["Black Blood","Velvet Choker"],"picked":"Snecko Eye"}],"items_purged_floors":[19,31,36],"is_endless":false,"potions_floor_spawned":[1,3,7,14,27,27,33,38,41,42],"killed_by":"The Heart","ascension_level":20}