{"gold_per_floor":[109,128,141,154,79,79,107,118,118,151,10,30,30,55,55,128,128,140,140,159,159,170,197,197,228,228,247,247,247,258,64,64,64],"floor_reached":33,"playtime":1746,"items_purged":[],"score":614,"play_id":"77d502ed-c64f-4755-99a9-6cb63ac00366","local_time":"20201001172604","is_ascension_mode":true,"campfire_choices":[{"data":"Bash","floor":6.0,"key":"SMITH"},{"floor":13.0,"key":"REST"},{"data":"Inflame","floor":15.0,"key":"SMITH"},{"data":"Sword Boomerang","floor":24,"key":"SMITH"},{"data":"Feel No Pain","floor":32,"key":"SMITH"}],"neow_cost":"NONE","seed_source_timestamp":2019805192524600,"circlet_count":0,"master_deck":["AscendersBane","Strike_R+1","Strike_R+1","Strike_R+1","Strike_R+1","Defend_R+1","Defend_R+1","Defend_R+1","Defend_R+1","Bash+1","Wild Strike","Cleave","Anger","Limit Break","Corruption","Flame Barrier","Inflame+1","Flame Barrier","Sword Boomerang+1","Reaper","True Grit","Immolate","Pommel Strike+1","True Grit","Dark Embrace","Feel No Pain+1","Dual Wield"],"special_seed":0,"relics":["Burning Blood","The Courier","Torii","Ginger","FossilizedHelix","Snecko Eye","Nilry\u0027s Codex","MutagenicStrength","Mercury Hourglass","Bottled Flame","Meat on the Bone"],"potions_floor_usage":[33],"damage_taken":[{"damage":17.0,"enemies":"Small Slimes","floor":1.0,"turns":4.0},{"damage":6.0,"enemies":"2 Louse","floor":2.0,"turns":3.0},{"damage":1.0,"enemies":"Cultist","floor":3.0,"turns":3.0},{"damage":0.0,"enemies":"3 Louse","floor":4.0,"turns":2.0},{"damage":30.0,"enemies":"Lagavulin","floor":7.0,"turns":7.0},{"damage":8.0,"enemies":"Large Slime","floor":8.0,"turns":4.0},{"damage":45.0,"enemies":"Gremlin Nob","floor":10.0,"turns":5.0},{"damage":27.0,"enemies":"Exordium Wildlife","floor":12.0,"turns":6.0},{"damage":11.0,"enemies":"Lagavulin","floor":14.0,"turns":6.0},{"damage":26.0,"enemies":"Hexaghost","floor":16.0,"turns":9.0},{"damage":0.0,"enemies":"Chosen","floor":18.0,"turns":5.0},{"damage":0.0,"enemies":"3 Byrds","floor":20.0,"turns":5.0},{"damage":0.0,"enemies":"Centurion and Healer","floor":22.0,"turns":5.0},{"damage":22.0,"enemies":"Gremlin Leader","floor":23.0,"turns":7.0},{"damage":15,"enemies":"Slavers","floor":25,"turns":3},{"damage":0,"enemies":"3 Cultists","floor":27,"turns":3},{"damage":0,"enemies":"Snake Plant","floor":30,"turns":2},{"damage":48,"enemies":"Automaton","floor":33,"turns":6}],"seed_played":"-7802813317721058129","potions_obtained":[{"floor":2.0,"key":"FairyPotion"},{"floor":8.0,"key":"SkillPotion"},{"floor":14.0,"key":"Fire Potion"},{"floor":16.0,"key":"SteroidPotion"},{"floor":23.0,"key":"BlessingOfTheForge"},{"floor":25,"key":"PowerPotion"}],"is_trial":false,"path_per_floor":["M","M","M","M","?","R","E","M","T","E","$","M","R","E","R","B",null,"M","?","M","?","M","E","R","E","T","M","?","?","M","$","R","B"],"character_chosen":"IRONCLAD","items_purchased":["Inflame","Flame Barrier","Dark Embrace","Feel No Pain","Dual Wield"],"campfire_rested":1,"item_purchase_floors":[11,11,31,31,31],"current_hp_per_floor":[64,64,69,75,75,75,51,49,49,10,10,18,42,37,37,17,66,82,61,67,67,82,74,74,82,82,82,82,82,82,82,82,38],"gold":64,"neow_bonus":"TEN_PERCENT_HP_BONUS","is_prod":false,"is_daily":false,"chose_seed":false,"campfire_upgraded":4,"win_rate":0,"timestamp":1601591164,"path_taken":["M","M","M","M","?","R","E","M","T","E","$","M","R","E","R","BOSS","M","?","M","?","M","E","R","E","T","M","?","?","M","$","R","BOSS"],"build_version":"2020-07-30","purchased_purges":0,"victory":false,"max_hp_per_floor":[82,82,82,82,82,82,82,82,82,82,82,82,82,82,82,82,82,82,82,82,82,82,82,82,82,82,82,82,82,82,82,82,82],"card_choices":[{"not_picked":["Twin Strike","Iron Wave"],"picked":"Wild Strike","floor":1.0},{"not_picked":["Clash","Headbutt"],"picked":"Cleave","floor":2.0},{"not_picked":["Rupture","Clash"],"picked":"Anger","floor":3.0},{"not_picked":["Metallicize","Body Slam"],"picked":"Limit Break","floor":4.0},{"not_picked":["Exhume","Burning Pact"],"picked":"Corruption","floor":7.0},{"not_picked":["True Grit","Sword Boomerang"],"picked":"Flame Barrier","floor":8.0},{"not_picked":["Sword Boomerang","Double Tap","Clash"],"picked":"SKIP","floor":10.0},{"not_picked":["Seeing Red","Thunderclap","Twin Strike"],"picked":"SKIP","floor":12.0},{"not_picked":["Iron Wave","Wild Strike"],"picked":"Sword Boomerang","floor":14.0},{"not_picked":["Immolate","Corruption"],"picked":"Reaper","floor":16.0},{"not_picked":["Perfected Strike+1","Rampage","Intimidate+1"],"picked":"SKIP","floor":18.0},{"not_picked":["Whirlwind","Pommel Strike","Blood for Blood"],"picked":"SKIP","floor":20.0},{"not_picked":["Power Through","Evolve"],"picked":"True Grit","floor":22.0},{"not_picked":["Iron Wave","Clothesline","Flex"],"picked":"SKIP","floor":23.0},{"not_picked":["True Grit+1","Flame Barrier"],"picked":"Immolate","floor":25},{"not_picked":["Iron Wave","Headbutt"],"picked":"Pommel Strike+1","floor":27},{"not_picked":["Clash","Infernal Blade"],"picked":"True Grit","floor":30}],"player_experience":997208,"relics_obtained":[{"floor":7.0,"key":"The Courier"},{"floor":9.0,"key":"Torii"},{"floor":10.0,"key":"Ginger"},{"floor":14.0,"key":"FossilizedHelix"},{"floor":19.0,"key":"Nilry\u0027s Codex"},{"floor":23.0,"key":"Mercury Hourglass"},{"floor":25,"key":"Bottled Flame"},{"floor":26,"key":"Meat on the Bone"}],"event_choices":[{"cards_removed":["Strike_R"],"damage_healed":0.0,"max_hp_gain":0.0,"max_hp_loss":0.0,"gold_gain":0.0,"event_name":"The Cleric","player_choice":"Card Removal","floor":5.0,"gold_loss":75.0,"damage_taken":0.0},{"damage_healed":0.0,"max_hp_gain":0.0,"max_hp_loss":0.0,"gold_gain":0.0,"event_name":"Cursed Tome","player_choice":"Obtained Book","floor":19.0,"gold_loss":0.0,"damage_taken":21.0},{"damage_healed":0.0,"max_hp_gain":0.0,"max_hp_loss":0.0,"gold_gain":0.0,"event_name":"Drug Dealer","player_choice":"Inject Mutagens","floor":21.0,"gold_loss":0.0,"damage_taken":0.0,"relics_obtained":["MutagenicStrength"]},{"damage_healed":0,"gold_gain":0,"player_choice":"Simplicity","damage_taken":0,"max_hp_gain":0,"max_hp_loss":0,"event_name":"Back to Basics","floor":28,"gold_loss":0,"cards_upgraded":["Strike_R","Strike_R","Strike_R","Strike_R","Defend_R","Defend_R","Defend_R","Defend_R"]},{"damage_healed":0,"gold_gain":0,"player_choice":"Ignored","damage_taken":0,"max_hp_gain":0,"max_hp_loss":0,"event_name":"Vampires","floor":29,"gold_loss":0}],"is_beta":false,"boss_relics":[{"not_picked":["Runic Cube","Mark of Pain"],"picked":"Snecko Eye"}],"items_purged_floors":[],"is_endless":false,"potions_floor_spawned":[2,8,14,16,20,23,25,27,30],"killed_by":"Automaton","ascension_level":20}