{"gold_per_floor":[117,135,210,210,220,220,250,250,250,250,265,281,315,133,133,207,207,219,230,246,89,105,130,130,30,30,60,71,82,82,115,115,191,191,201,50,70,90,110,141,141,173,196,231,256,285,317,329,329,329,329,329,329,7,39,39],"floor_reached":56,"playtime":4186,"items_purged":["Strike_R","Strike_R","Strike_R","Strike_R"],"score":2234,"play_id":"a788d9d9-8ece-415e-92e3-b541b8a9bad4","local_time":"20201008224406","is_ascension_mode":true,"campfire_choices":[{"data":"Bash","floor":6,"key":"SMITH"},{"data":"Carnage","floor":8,"key":"SMITH"},{"floor":15,"key":"REST"},{"data":"Feed","floor":24,"key":"SMITH"},{"data":"Bludgeon","floor":30,"key":"SMITH"},{"data":"Spot Weakness","floor":32,"key":"SMITH"},{"floor":41,"key":"RECALL"},{"floor":49,"key":"REST"},{"floor":53,"key":"REST"}],"neow_cost":"NONE","seed_source_timestamp":2641287959008300,"circlet_count":0,"master_deck":["AscendersBane","Strike_R","Defend_R","Defend_R","Defend_R","Defend_R","Bash+1","Infernal Blade","Headbutt","Hemokinesis","Carnage+1","Disarm","Spot Weakness+1","Shrug It Off","Armaments","Feed+1","Shockwave","Bludgeon+1","Inflame","Demon Form","Shrug It Off","Clothesline+1","Pommel Strike+1","Pummel+1","Heavy Blade+1","True Grit+1","Flame Barrier+1","Fiend Fire+1"],"relics":["Burning Blood","Bag of Preparation","WingedGreaves","HornCleat","Singing Bowl","Darkstone Periapt","Snecko Eye","Orrery","Pear","Eternal Feather","PreservedInsect","Molten Egg 2","Fusion Hammer","Happy Flower","Toxic Egg 2","Strawberry","Charon\u0027s Ashes","Blue Candle","Mummified Hand","Akabeko"],"potions_floor_usage":[7,18,20,27,29,33,47,55,56],"damage_taken":[{"damage":5,"enemies":"Small Slimes","floor":1,"turns":4},{"damage":2,"enemies":"2 Louse","floor":2,"turns":3},{"damage":2,"enemies":"Cultist","floor":5,"turns":4},{"damage":36,"enemies":"Lagavulin","floor":7,"turns":5},{"damage":16,"enemies":"Red Slaver","floor":11,"turns":4},{"damage":6,"enemies":"3 Louse","floor":12,"turns":3},{"damage":10,"enemies":"3 Sentries","floor":13,"turns":5},{"damage":22,"enemies":"The Guardian","floor":16,"turns":11},{"damage":3,"enemies":"2 Thieves","floor":18,"turns":3},{"damage":3,"enemies":"Chosen","floor":19,"turns":3},{"damage":0,"enemies":"Snecko","floor":20,"turns":3},{"damage":25,"enemies":"Snake Plant","floor":22,"turns":4},{"damage":23,"enemies":"Book of Stabbing","floor":23,"turns":4},{"damage":37,"enemies":"Gremlin Leader","floor":27,"turns":7},{"damage":3,"enemies":"Centurion and Healer","floor":28,"turns":3},{"damage":32,"enemies":"Shelled Parasite and Fungi","floor":29,"turns":3},{"damage":26,"enemies":"Slavers","floor":31,"turns":6},{"damage":11,"enemies":"Collector","floor":33,"turns":6},{"damage":3,"enemies":"Orb Walker","floor":35,"turns":1},{"damage":0,"enemies":"3 Shapes","floor":37,"turns":3},{"damage":0,"enemies":"3 Darklings","floor":38,"turns":4},{"damage":0,"enemies":"Jaw Worm Horde","floor":39,"turns":4},{"damage":20,"enemies":"Giant Head","floor":40,"turns":5},{"damage":0,"enemies":"Reptomancer","floor":42,"turns":1},{"damage":1,"enemies":"Nemesis","floor":44,"turns":3},{"damage":7,"enemies":"Mind Bloom Boss Battle","floor":45,"turns":4},{"damage":15,"enemies":"Giant Head","floor":46,"turns":4},{"damage":60,"enemies":"Reptomancer","floor":47,"turns":5},{"damage":0,"enemies":"Transient","floor":48,"turns":6},{"damage":58,"enemies":"Time Eater","floor":50,"turns":8},{"damage":74,"enemies":"Awakened One","floor":51,"turns":8},{"damage":79,"enemies":"Shield and Spear","floor":55,"turns":5},{"damage":149,"enemies":"The Heart","floor":56,"turns":8}],"seed_played":"-8172308957070201357","potions_obtained":[{"floor":1,"key":"GamblersBrew"},{"floor":5,"key":"DuplicationPotion"},{"floor":13,"key":"Explosive Potion"},{"floor":16,"key":"Block Potion"},{"floor":19,"key":"Energy Potion"},{"floor":20,"key":"BloodPotion"},{"floor":27,"key":"AttackPotion"},{"floor":33,"key":"SteroidPotion"},{"floor":35,"key":"Swift Potion"},{"floor":47,"key":"GamblersBrew"}],"is_trial":false,"path_per_floor":["M","M","?","?","M","R","E","R","T","?","M","M","E","$","R","B",null,"M","M","M","$","M","E","R","$","T","E","M","M","R","E","R","B",null,"M","$","M","M","M","E","R","E","T","E","?","E","E","M","R","B","B",null,"R","$","E","B"],"character_chosen":"IRONCLAD","items_purchased":["Shrug It Off","Armaments","Orrery","Clothesline+1","Fiend Fire+1","DuplicationPotion"],"campfire_rested":3,"item_purchase_floors":[14,14,21,36,54,54],"current_hp_per_floor":[69,73,62,62,66,66,36,36,36,36,26,26,24,24,47,31,66,69,77,87,93,79,77,77,77,77,48,57,61,73,59,71,66,116,119,119,131,141,147,135,149,149,149,162,165,158,104,112,170,122,58,148,178,178,111,0],"gold":39,"neow_bonus":"RANDOM_COMMON_RELIC","is_prod":false,"is_daily":false,"chose_seed":false,"campfire_upgraded":5,"win_rate":0,"timestamp":1602215046,"path_taken":["M","M","?","?","M","R","E","R","T","?","M","M","E","$","R","BOSS","M","M","M","$","M","E","R","?","T","E","?","M","R","E","R","BOSS","M","$","M","M","M","E","R","E","T","E","?","E","E","M","R","BOSS","BOSS","R","$","E","BOSS"],"build_version":"2020-07-30","purchased_purges":4,"victory":false,"max_hp_per_floor":[75,75,75,75,75,75,75,75,75,75,75,75,77,77,77,77,77,77,82,87,93,98,113,113,113,113,115,121,127,127,133,133,133,133,133,133,139,143,147,149,149,149,149,162,166,168,168,170,170,174,178,178,178,178,184,184],"card_choices":[{"not_picked":["Feel No Pain","Dual Wield"],"picked":"Infernal Blade","floor":1},{"not_picked":["Burning Pact","Infernal Blade"],"picked":"Headbutt","floor":2},{"not_picked":["Cleave","Evolve"],"picked":"Hemokinesis","floor":5},{"not_picked":["Rupture","Burning Pact"],"picked":"Carnage","floor":7},{"not_picked":["Headbutt","Pommel Strike"],"picked":"Disarm","floor":11},{"not_picked":["Body Slam","Evolve"],"picked":"Spot Weakness","floor":12},{"not_picked":["Wild Strike","Burning Pact","Twin Strike"],"picked":"Singing Bowl","floor":13},{"not_picked":["Exhume","Barricade"],"picked":"Feed","floor":16},{"not_picked":["Anger","Rage"],"picked":"Shockwave","floor":18},{"not_picked":["Thunderclap","Flex+1","Cleave"],"picked":"Singing Bowl","floor":19},{"not_picked":["Battle Trance","Clash","Blood for Blood"],"picked":"Singing Bowl","floor":20},{"not_picked":["Rampage","Armaments","Flex"],"picked":"Singing Bowl","floor":21},{"not_picked":["Wild Strike","Havoc"],"picked":"Bludgeon","floor":21},{"not_picked":["Armaments","Dark Embrace","Pommel Strike"],"picked":"Singing Bowl","floor":21},{"not_picked":["Thunderclap","Havoc","Clash"],"picked":"Singing Bowl","floor":21},{"not_picked":["Battle Trance","Shrug It Off"],"picked":"Inflame","floor":21},{"not_picked":["Ghostly Armor","Thunderclap","Sentinel+1"],"picked":"Singing Bowl","floor":22},{"not_picked":["Inflame","Searing Blow","Metallicize+1"],"picked":"Singing Bowl","floor":23},{"not_picked":["Rupture","Thunderclap","Warcry"],"picked":"Singing Bowl","floor":27},{"not_picked":["Body Slam","Cleave","Headbutt"],"picked":"Singing Bowl","floor":28},{"not_picked":["Exhume","Clash","Cleave"],"picked":"Singing Bowl","floor":29},{"not_picked":["Searing Blow+1","Offering","Fire Breathing"],"picked":"Singing Bowl","floor":31},{"not_picked":["Juggernaut","Immolate+1"],"picked":"Demon Form","floor":33},{"not_picked":["Shockwave","Burning Pact"],"picked":"Shrug It Off","floor":35},{"not_picked":["Dual Wield","Reckless Charge+1","Body Slam+1"],"picked":"Singing Bowl","floor":37},{"not_picked":["Armaments","Havoc"],"picked":"Pommel Strike+1","floor":38},{"not_picked":["Rupture","Flex"],"picked":"Pummel+1","floor":39},{"not_picked":["Armaments+1","Exhume","Twin Strike+1"],"picked":"Singing Bowl","floor":40},{"not_picked":["Cleave+1","Havoc+1"],"picked":"Heavy Blade+1","floor":42},{"not_picked":["Metallicize","Berserk","Fire Breathing"],"picked":"Singing Bowl","floor":44},{"not_picked":["Clash+1","Bloodletting+1"],"picked":"True Grit+1","floor":45},{"not_picked":["Bloodletting+1","Clash+1","Rage+1"],"picked":"Singing Bowl","floor":46},{"not_picked":["Disarm+1","Ghostly Armor+1"],"picked":"Flame Barrier+1","floor":47},{"not_picked":["Anger+1","Armaments+1","Rupture"],"picked":"Singing Bowl","floor":48},{"not_picked":["Clash+1","Evolve+1","Rage+1"],"picked":"Singing Bowl","floor":55}],"player_experience":1119218,"relics_obtained":[{"floor":7,"key":"WingedGreaves"},{"floor":9,"key":"HornCleat"},{"floor":13,"key":"Darkstone Periapt"},{"floor":23,"key":"Pear"},{"floor":26,"key":"Eternal Feather"},{"floor":27,"key":"PreservedInsect"},{"floor":31,"key":"Molten Egg 2"},{"floor":40,"key":"Happy Flower"},{"floor":42,"key":"Toxic Egg 2"},{"floor":44,"key":"Strawberry"},{"floor":45,"key":"Charon\u0027s Ashes"},{"floor":46,"key":"Blue Candle"},{"floor":47,"key":"Mummified Hand"},{"floor":55,"key":"Akabeko"}],"event_choices":[{"damage_healed":0,"gold_gain":75,"player_choice":"Gather Gold","damage_taken":11,"max_hp_gain":0,"max_hp_loss":0,"event_name":"World of Goop","floor":3,"gold_loss":0},{"damage_healed":0,"gold_gain":0,"player_choice":"Ignored","damage_taken":0,"max_hp_gain":0,"max_hp_loss":0,"event_name":"Liars Game","floor":4,"gold_loss":0},{"damage_healed":0,"gold_gain":0,"player_choice":"Gave Potion","damage_taken":0,"relics_obtained":["Singing Bowl"],"max_hp_gain":0,"max_hp_loss":0,"event_name":"WeMeetAgain","floor":10,"gold_loss":0},{"damage_healed":0,"gold_gain":0,"player_choice":"Fight","damage_taken":0,"max_hp_gain":0,"max_hp_loss":0,"event_name":"MindBloom","floor":45,"gold_loss":0}],"is_beta":false,"boss_relics":[{"not_picked":["SlaversCollar","Philosopher\u0027s Stone"],"picked":"Snecko Eye"},{"not_picked":["Black Blood","Pandora\u0027s Box"],"picked":"Fusion Hammer"}],"items_purged_floors":[14,25,36,54],"is_endless":false,"potions_floor_spawned":[1,5,13,16,19,20,27,33,35,38,42,44,45,47],"killed_by":"The Heart","ascension_level":20}