{"gold_per_floor":[113,125,125,125,96,96,112,112,112,156,169,169,212,227,227,227],"floor_reached":16,"playtime":678,"items_purged":[],"score":220,"play_id":"fd5a7346-56f8-4fd1-be79-aa134c46254c","local_time":"20201024110312","is_ascension_mode":true,"campfire_choices":[{"data":"Bash","floor":6.0,"key":"SMITH"},{"floor":12,"key":"REST"},{"data":"Strike_R","floor":15,"key":"SMITH"}],"neow_cost":"NONE","seed_source_timestamp":0,"circlet_count":0,"master_deck":["AscendersBane","Strike_R+1","Strike_R","Strike_R","Strike_R+1","Defend_R","Defend_R","Defend_R","Defend_R+1","Bash+1","True Grit","Shrug It Off","Sword Boomerang","Anger","Juggernaut","Iron Wave","Pommel Strike"],"special_seed":0,"relics":["Burning Blood","Regal Pillow","Golden Idol","Darkstone Periapt","Question Card","Lantern"],"potions_floor_usage":[11],"damage_taken":[{"damage":15.0,"enemies":"Small Slimes","floor":1.0,"turns":5.0},{"damage":5.0,"enemies":"2 Louse","floor":2.0,"turns":4.0},{"damage":4.0,"enemies":"Jaw Worm","floor":7.0,"turns":3.0},{"damage":36.0,"enemies":"Lagavulin","floor":10.0,"turns":8.0},{"damage":6,"enemies":"Large Slime","floor":11,"turns":5},{"damage":28,"enemies":"Gremlin Nob","floor":13,"turns":4},{"damage":11,"enemies":"3 Louse","floor":14,"turns":4},{"damage":0,"enemies":"Hexaghost","floor":16,"turns":1}],"seed_played":"-5621958988315512660","potions_obtained":[{"floor":1.0,"key":"PowerPotion"},{"floor":10.0,"key":"AttackPotion"},{"floor":13,"key":"Strength Potion"},{"floor":14,"key":"ElixirPotion"}],"is_trial":false,"path_per_floor":["M","M","?","?","$","R","M","?","T","E","M","R","E","M","R","B"],"character_chosen":"IRONCLAD","items_purchased":["Sword Boomerang"],"campfire_rested":1,"item_purchase_floors":[5],"current_hp_per_floor":[59,60,60,40,40,40,42,42,42,12,12,47,25,20,20,20],"gold":227,"neow_bonus":"RANDOM_COMMON_RELIC","is_prod":false,"is_daily":false,"chose_seed":false,"campfire_upgraded":2,"win_rate":0,"timestamp":1603555392,"path_taken":["M","M","?","?","$","R","M","?","T","E","M","R","E","M","R","BOSS"],"build_version":"2020-07-30","purchased_purges":0,"victory":false,"max_hp_per_floor":[75,75,68,68,68,68,68,68,68,68,68,68,68,68,68,68],"card_choices":[{"not_picked":["Entrench","Clash"],"picked":"True Grit","floor":1.0},{"not_picked":["Dropkick","Warcry"],"picked":"Shrug It Off","floor":2.0},{"not_picked":["Heavy Blade","Seeing Red"],"picked":"Anger","floor":7.0},{"not_picked":["Twin Strike","Dark Embrace","Headbutt"],"picked":"SKIP","floor":10.0},{"not_picked":["Flex","Heavy Blade","Clash"],"picked":"Iron Wave","floor":11},{"not_picked":["Entrench","Anger","Twin Strike"],"picked":"Pommel Strike","floor":13},{"not_picked":["Dark Embrace","Barricade","Rage","Clash"],"picked":"SKIP","floor":14}],"player_experience":1167468,"relics_obtained":[{"floor":9.0,"key":"Darkstone Periapt"},{"floor":10.0,"key":"Question Card"},{"floor":13,"key":"Lantern"}],"event_choices":[{"damage_healed":0.0,"max_hp_gain":0.0,"max_hp_loss":7.0,"gold_gain":0.0,"event_name":"Golden Idol","player_choice":"Lose Max HP","floor":3.0,"gold_loss":0.0,"damage_taken":0.0,"relics_obtained":["Golden Idol"]},{"damage_healed":0.0,"max_hp_gain":0.0,"max_hp_loss":0.0,"gold_gain":0.0,"event_name":"Shining Light","player_choice":"Entered Light","floor":4.0,"gold_loss":0.0,"damage_taken":20.0,"cards_upgraded":["Strike_R","Defend_R"]},{"damage_healed":0.0,"max_hp_gain":0.0,"max_hp_loss":0.0,"gold_gain":0.0,"cards_transformed":["Strike_R"],"event_name":"Living Wall","player_choice":"Change","floor":8.0,"gold_loss":0.0,"damage_taken":0.0,"cards_obtained":["Juggernaut"]}],"is_beta":false,"boss_relics":[],"items_purged_floors":[],"is_endless":false,"potions_floor_spawned":[1,10,13,14],"killed_by":"Hexaghost","ascension_level":20}