{"gold_per_floor":[119,119,136,53,53,81,81,101,101,136,148,183,200,213,213,291,291,309,24,19,33,49,77,77,77],"floor_reached":25,"playtime":1206,"items_purged":[],"score":565,"play_id":"d45329bf-db0a-4fd2-94a8-3cffda270cbc","local_time":"20201030224941","is_ascension_mode":true,"campfire_choices":[{"data":"Bash","floor":7.0,"key":"SMITH"},{"data":"Perfected Strike","floor":15.0,"key":"SMITH"}],"neow_cost":"NONE","seed_source_timestamp":0,"circlet_count":0,"master_deck":["AscendersBane","Defend_R","Defend_R+1","Defend_R","Defend_R","Bash+1","Perfected Strike+1","Twin Strike","Wild Strike+1","Shrug It Off","Flame Barrier","Evolve","Battle Trance","Flame Barrier","Reaper","Armaments+1","Carnage+1","Perfected Strike","Power Through+1","Bite","Bite","Bite","Bite","Bite"],"special_seed":0,"relics":["Burning Blood","NeowsBlessing","Thread and Needle","Ornamental Fan","Akabeko","Kunai","Snecko Eye","Meat on the Bone","Pantograph"],"potions_floor_usage":[],"damage_taken":[{"damage":0.0,"enemies":"Jaw Worm","floor":1.0,"turns":1.0},{"damage":0.0,"enemies":"2 Louse","floor":3.0,"turns":1.0},{"damage":0.0,"enemies":"3 Sentries","floor":6.0,"turns":2.0},{"damage":0.0,"enemies":"Small Slimes","floor":8.0,"turns":2.0},{"damage":4.0,"enemies":"Lagavulin","floor":10.0,"turns":6.0},{"damage":0.0,"enemies":"3 Louse","floor":11.0,"turns":2.0},{"damage":12.0,"enemies":"3 Sentries","floor":12.0,"turns":8.0},{"damage":0.0,"enemies":"2 Fungi Beasts","floor":13.0,"turns":3.0},{"damage":0.0,"enemies":"Blue Slaver","floor":14.0,"turns":1.0},{"damage":54.0,"enemies":"Hexaghost","floor":16.0,"turns":11.0},{"damage":0.0,"enemies":"Chosen","floor":18.0,"turns":3.0},{"damage":22.0,"enemies":"2 Thieves","floor":20.0,"turns":4.0},{"damage":16.0,"enemies":"Snake Plant","floor":21.0,"turns":2.0},{"damage":0.0,"enemies":"Chosen and Byrds","floor":22.0,"turns":2.0},{"damage":21.0,"enemies":"Gremlin Leader","floor":23.0,"turns":6.0},{"damage":0,"enemies":"Book of Stabbing","floor":25,"turns":1}],"seed_played":"-1158168815508139965","potions_obtained":[{"floor":3.0,"key":"Weak Potion"},{"floor":6.0,"key":"EssenceOfSteel"},{"floor":8.0,"key":"SteroidPotion"},{"floor":14.0,"key":"Swift Potion"},{"floor":21.0,"key":"Strength Potion"}],"is_trial":false,"path_per_floor":["M","?","M","$","?","E","R","M","T","E","M","E","M","M","R","B",null,"M","$","M","M","M","E","?","E"],"character_chosen":"IRONCLAD","items_purchased":["Wild Strike","Shrug It Off","Meat on the Bone"],"campfire_rested":0,"item_purchase_floors":[4,4,19],"current_hp_per_floor":[74,51,57,57,57,63,63,69,69,71,75,69,75,75,75,27,63,75,75,69,59,65,55,52,52],"gold":77,"neow_bonus":"THREE_ENEMY_KILL","is_prod":false,"is_daily":false,"chose_seed":false,"campfire_upgraded":2,"win_rate":0,"timestamp":1604116181,"path_taken":["M","?","M","$","?","E","R","M","T","E","M","E","M","M","R","BOSS","M","$","M","M","M","E","?","E"],"build_version":"2020-07-30","purchased_purges":0,"victory":false,"max_hp_per_floor":[75,75,75,75,75,75,75,75,75,75,75,75,75,75,75,75,75,75,75,75,75,75,75,52,52],"card_choices":[{"not_picked":["Searing Blow","Bloodletting"],"picked":"Perfected Strike","floor":1.0},{"not_picked":["Armaments","True Grit"],"picked":"Twin Strike","floor":3.0},{"not_picked":["Clothesline","Carnage"],"picked":"Flame Barrier","floor":6.0},{"not_picked":["Clothesline","Flex"],"picked":"Evolve","floor":8.0},{"not_picked":["Clothesline","Combust"],"picked":"Battle Trance","floor":10.0},{"not_picked":["Rampage","Sword Boomerang","Sever Soul"],"picked":"SKIP","floor":11.0},{"not_picked":["Havoc","Limit Break"],"picked":"Flame Barrier","floor":12.0},{"not_picked":["Uppercut","True Grit","Fire Breathing"],"picked":"SKIP","floor":13.0},{"not_picked":["Sword Boomerang","True Grit","Warcry"],"picked":"SKIP","floor":14.0},{"not_picked":["Bludgeon","Limit Break"],"picked":"Reaper","floor":16.0},{"not_picked":["Heavy Blade","Dropkick"],"picked":"Armaments+1","floor":18.0},{"not_picked":["Rampage","Shrug It Off+1"],"picked":"Carnage+1","floor":20.0},{"not_picked":["Rupture","Warcry"],"picked":"Perfected Strike","floor":21.0},{"not_picked":["Bloodletting","Heavy Blade","Anger"],"picked":"SKIP","floor":22.0},{"not_picked":["Sword Boomerang","Headbutt"],"picked":"Power Through+1","floor":23.0}],"player_experience":1179943,"relics_obtained":[{"floor":6.0,"key":"Thread and Needle"},{"floor":9.0,"key":"Ornamental Fan"},{"floor":10.0,"key":"Akabeko"},{"floor":12.0,"key":"Kunai"},{"floor":23.0,"key":"Pantograph"}],"event_choices":[{"damage_healed":0.0,"max_hp_gain":0.0,"max_hp_loss":0.0,"gold_gain":0.0,"event_name":"Shining Light","player_choice":"Entered Light","floor":2.0,"gold_loss":0.0,"damage_taken":23.0,"cards_upgraded":["Strike_R","Defend_R"]},{"damage_healed":0.0,"max_hp_gain":0.0,"max_hp_loss":0.0,"gold_gain":0.0,"event_name":"Living Wall","player_choice":"Grow","floor":5.0,"gold_loss":0.0,"damage_taken":0.0,"cards_upgraded":["Wild Strike"]},{"damage_healed":0.0,"max_hp_gain":0.0,"max_hp_loss":23.0,"gold_gain":0.0,"event_name":"Vampires","player_choice":"Became a vampire","floor":24.0,"gold_loss":0.0,"damage_taken":0.0,"cards_obtained":["Bite","Bite","Bite","Bite","Bite"]}],"is_beta":false,"boss_relics":[{"not_picked":["Fusion Hammer","Mark of Pain"],"picked":"Snecko Eye"}],"items_purged_floors":[],"is_endless":false,"potions_floor_spawned":[3,6,8,14,21],"killed_by":"Book of Stabbing","ascension_level":20}