{"gold_per_floor":[116,116,130,142,156,156,182,182,205,205,234,245,256,271,271,343,343,263],"floor_reached":18,"playtime":1581,"items_purged":[],"score":348,"play_id":"90eac3ec-5499-4ea2-b40a-23b231deb4df","local_time":"20201103125645","is_ascension_mode":true,"campfire_choices":[{"data":"Bash","floor":6.0,"key":"SMITH"},{"data":"Carnage","floor":8.0,"key":"SMITH"},{"data":"Wild Strike","floor":10.0,"key":"SMITH"},{"data":"Flame Barrier","floor":15.0,"key":"SMITH"}],"neow_cost":"NONE","seed_source_timestamp":0,"circlet_count":0,"master_deck":["AscendersBane","Strike_R","Strike_R","Strike_R","Strike_R","Defend_R","Defend_R","Defend_R","Defend_R","Bash+1","Shrug It Off","Wild Strike+1","Carnage+1","Flame Barrier+1","Shrug It Off","Juggernaut"],"special_seed":0,"relics":["Burning Blood","Boot","Toy Ornithopter","Art of War","Smiling Mask","Fusion Hammer"],"potions_floor_usage":[],"damage_taken":[{"damage":6.0,"enemies":"Jaw Worm","floor":1.0,"turns":4.0},{"damage":4.0,"enemies":"Cultist","floor":3.0,"turns":5.0},{"damage":6.0,"enemies":"2 Louse","floor":4.0,"turns":3.0},{"damage":10.0,"enemies":"Lots of Slimes","floor":5.0,"turns":5.0},{"damage":32.0,"enemies":"Gremlin Nob","floor":7.0,"turns":4.0},{"damage":12.0,"enemies":"3 Sentries","floor":11.0,"turns":8.0},{"damage":0.0,"enemies":"Blue Slaver","floor":12.0,"turns":2.0},{"damage":6.0,"enemies":"Red Slaver","floor":13.0,"turns":3.0},{"damage":4.0,"enemies":"Looter","floor":14.0,"turns":3.0},{"damage":54.0,"enemies":"Slime Boss","floor":16.0,"turns":16.0},{"damage":15,"enemies":"2 Thieves","floor":18,"turns":3}],"seed_played":"-3974475505329004821","potions_obtained":[{"floor":3.0,"key":"ColorlessPotion"},{"floor":5.0,"key":"Fire Potion"},{"floor":12.0,"key":"LiquidBronze"},{"floor":13.0,"key":"SkillPotion"},{"floor":16.0,"key":"ColorlessPotion"}],"is_trial":false,"path_per_floor":["M","?","M","M","M","R","E","R","T","R","E","M","M","M","R","B",null,"M"],"character_chosen":"IRONCLAD","items_purchased":[],"campfire_rested":0,"item_purchase_floors":[],"current_hp_per_floor":[68,68,70,70,66,66,40,40,40,40,39,45,45,47,47,9,59,44],"gold":263,"neow_bonus":"RANDOM_COMMON_RELIC","is_prod":false,"is_daily":false,"chose_seed":false,"campfire_upgraded":4,"win_rate":0,"timestamp":1604429805,"path_taken":["M","?","M","?","M","R","E","R","T","R","E","M","M","M","R","BOSS","M"],"build_version":"2020-07-30","purchased_purges":0,"victory":false,"max_hp_per_floor":[75,75,75,75,75,75,75,75,75,75,75,75,75,75,75,75,75,75],"card_choices":[{"not_picked":["True Grit","Second Wind"],"picked":"Shrug It Off","floor":1.0},{"not_picked":["True Grit","Infernal Blade"],"picked":"Wild Strike","floor":3.0},{"not_picked":["Rampage","Iron Wave"],"picked":"Carnage","floor":4.0},{"not_picked":["Dropkick","Headbutt","Flex"],"picked":"SKIP","floor":5.0},{"not_picked":["Flex","Bloodletting"],"picked":"Flame Barrier","floor":7.0},{"not_picked":["Twin Strike","Thunderclap","Iron Wave"],"picked":"SKIP","floor":11.0},{"not_picked":["Twin Strike","Second Wind","Thunderclap"],"picked":"SKIP","floor":12.0},{"not_picked":["Wild Strike","Body Slam","Brutality"],"picked":"SKIP","floor":13.0},{"not_picked":["True Grit","Body Slam"],"picked":"Shrug It Off","floor":14.0},{"not_picked":["Brutality","Berserk"],"picked":"Juggernaut","floor":16.0}],"player_experience":1191299,"relics_obtained":[{"floor":7.0,"key":"Toy Ornithopter"},{"floor":9.0,"key":"Art of War"},{"floor":11.0,"key":"Smiling Mask"}],"event_choices":[{"cards_removed":["Strike_R"],"damage_healed":0.0,"max_hp_gain":0.0,"max_hp_loss":0.0,"gold_gain":0.0,"event_name":"Bonfire Elementals","player_choice":"Offered Basic","floor":2.0,"gold_loss":0.0,"damage_taken":0.0}],"is_beta":false,"boss_relics":[{"not_picked":["Coffee Dripper","Mark of Pain"],"picked":"Fusion Hammer"}],"items_purged_floors":[],"is_endless":false,"potions_floor_spawned":[3,5,12,13,16],"killed_by":"2 Thieves","ascension_level":20}