{"gold_per_floor":[109,121,271,30,30,56,56,81,159,191,207,227,227,227,227,227],"floor_reached":16,"playtime":765,"items_purged":["Doubt"],"score":336,"play_id":"8df19faa-3545-44a8-9d07-f556e81806f2","local_time":"20201031121947","is_ascension_mode":true,"campfire_choices":[{"floor":7,"key":"REST"},{"data":"Feed","floor":13,"key":"SMITH"},{"data":"Bash","floor":15,"key":"SMITH"}],"neow_cost":"NONE","seed_source_timestamp":1344095955625100,"circlet_count":0,"master_deck":["AscendersBane","Strike_R+1","Strike_R","Strike_R","Strike_R","Strike_R","Defend_R","Defend_R+1","Defend_R","Defend_R","Bash+1","Iron Wave","Shrug It Off","Feed+1","Cleave","Shrug It Off","Corruption","Battle Trance"],"relics":["Runic Dome","Orrery","Happy Flower","Paper Frog","HornCleat","PreservedInsect","Golden Idol"],"potions_floor_usage":[6,16],"damage_taken":[{"damage":6,"enemies":"2 Louse","floor":1,"turns":2},{"damage":2,"enemies":"Jaw Worm","floor":2,"turns":2},{"damage":12,"enemies":"3 Sentries","floor":6,"turns":10},{"damage":0,"enemies":"Lagavulin","floor":8,"turns":6},{"damage":0,"enemies":"Gremlin Nob","floor":10,"turns":3},{"damage":0,"enemies":"Small Slimes","floor":11,"turns":2},{"damage":4,"enemies":"Exordium Wildlife","floor":12,"turns":4},{"damage":62,"enemies":"Hexaghost","floor":16,"turns":11}],"seed_played":"2344233091669901543","potions_obtained":[{"floor":1,"key":"EssenceOfSteel"},{"floor":11,"key":"Dexterity Potion"}],"is_trial":false,"path_per_floor":["M","M","?","$","?","E","R","E","T","E","M","M","R","?","R","B"],"character_chosen":"IRONCLAD","items_purchased":["Orrery"],"campfire_rested":1,"item_purchase_floors":[4],"current_hp_per_floor":[62,60,60,60,37,28,51,54,54,54,57,56,56,56,56,0],"gold":227,"neow_bonus":"BOSS_RELIC","is_prod":false,"is_daily":false,"chose_seed":false,"campfire_upgraded":2,"win_rate":0,"timestamp":1604164787,"path_taken":["M","M","?","$","?","E","R","E","T","E","M","M","R","?","R","BOSS"],"build_version":"2020-07-30","purchased_purges":1,"victory":false,"max_hp_per_floor":[75,75,75,75,75,78,78,81,81,81,84,87,87,79,79,79],"card_choices":[{"not_picked":["Fire Breathing","Dropkick"],"picked":"Iron Wave","floor":1},{"not_picked":["Body Slam","Armaments"],"picked":"Shrug It Off","floor":2},{"not_picked":["Cleave","Thunderclap"],"picked":"Feed","floor":4},{"not_picked":["Whirlwind","Bloodletting"],"picked":"Cleave","floor":4},{"not_picked":["Headbutt","Rage"],"picked":"Shrug It Off","floor":4},{"not_picked":["Wild Strike","Clothesline"],"picked":"Corruption","floor":4},{"not_picked":["Armaments","Hemokinesis","Wild Strike"],"picked":"SKIP","floor":6},{"not_picked":["Berserk","Evolve"],"picked":"Battle Trance","floor":8},{"not_picked":["Rupture","Cleave","Bloodletting"],"picked":"SKIP","floor":10},{"not_picked":["Havoc","Thunderclap","Pummel"],"picked":"SKIP","floor":11},{"not_picked":["Clash","Thunderclap","Pommel Strike"],"picked":"SKIP","floor":12}],"player_experience":1183184,"relics_obtained":[{"floor":6,"key":"Happy Flower"},{"floor":8,"key":"Paper Frog"},{"floor":9,"key":"HornCleat"},{"floor":10,"key":"PreservedInsect"}],"event_choices":[{"damage_healed":0,"gold_gain":150,"player_choice":"AGREE","damage_taken":0,"max_hp_gain":0,"max_hp_loss":0,"event_name":"Liars Game","floor":3,"gold_loss":0,"cards_obtained":["Doubt"]},{"damage_healed":0,"gold_gain":0,"player_choice":"Entered Light","damage_taken":23,"max_hp_gain":0,"max_hp_loss":0,"event_name":"Shining Light","floor":5,"gold_loss":0,"cards_upgraded":["Strike_R","Defend_R"]},{"damage_healed":0,"gold_gain":0,"player_choice":"Lose Max HP","damage_taken":0,"relics_obtained":["Golden Idol"],"max_hp_gain":0,"max_hp_loss":8,"event_name":"Golden Idol","floor":14,"gold_loss":0}],"is_beta":false,"boss_relics":[],"items_purged_floors":[4],"is_endless":false,"potions_floor_spawned":[1,11],"killed_by":"Hexaghost","ascension_level":20}