{"gold_per_floor":[12,12,12,31,31,31,31,44,89,123,136,172,0,34,34,125,125,141,155,6,6,30,65,65,98,98,98,433,49,62,82,82,173,173,198,221,239,257,275,275],"floor_reached":40,"playtime":2153,"items_purged":["Strike_R"],"score":986,"play_id":"eb963faa-4af4-4284-bea0-a1133d823637","local_time":"20201101145811","is_ascension_mode":true,"campfire_choices":[{"data":"Spot Weakness","floor":6.0,"key":"SMITH"},{"data":"Disarm","floor":15.0,"key":"SMITH"},{"data":"Spot Weakness","floor":24.0,"key":"SMITH"},{"data":"True Grit","floor":32.0,"key":"SMITH"}],"neow_cost":"NO_GOLD","seed_source_timestamp":1441866943084200,"circlet_count":0,"master_deck":["AscendersBane","Defend_R","Defend_R","Defend_R+1","Bash+1","Spot Weakness+1","Whirlwind+1","Disarm+1","Shrug It Off","Impervious","Shrug It Off","Offering","Shrug It Off","Sword Boomerang+1","Spot Weakness+1","Bite+1","Bite+1","Bite+1","Bite+1","Bite+1","Impervious","Sword Boomerang+1","Pommel Strike+1","True Grit+1","Power Through","Whirlwind+1","Barricade","Blood for Blood+1","Hemokinesis+1","Havoc+1","Shrug It Off+1"],"special_seed":0,"relics":["Burning Blood","Ice Cream","Golden Idol","PreservedInsect","Molten Egg 2","Strawberry","Mango","Velvet Choker","Thread and Needle","Art of War","InkBottle","FaceOfCleric","Old Coin","Akabeko","Medical Kit","Astrolabe"],"potions_floor_usage":[40],"damage_taken":[{"damage":6.0,"enemies":"Cultist","floor":1.0,"turns":3.0},{"damage":8.0,"enemies":"2 Louse","floor":4.0,"turns":3.0},{"damage":7.0,"enemies":"Jaw Worm","floor":8.0,"turns":3.0},{"damage":32.0,"enemies":"Gremlin Nob","floor":10.0,"turns":4.0},{"damage":0.0,"enemies":"Gremlin Gang","floor":11.0,"turns":3.0},{"damage":18.0,"enemies":"Lagavulin","floor":12.0,"turns":4.0},{"damage":12.0,"enemies":"3 Sentries","floor":14.0,"turns":3.0},{"damage":5.0,"enemies":"The Guardian","floor":16.0,"turns":11.0},{"damage":35.0,"enemies":"Spheric Guardian","floor":18.0,"turns":6.0},{"damage":20.0,"enemies":"Shell Parasite","floor":19.0,"turns":5.0},{"damage":6.0,"enemies":"3 Cultists","floor":22.0,"turns":3.0},{"damage":7.0,"enemies":"Gremlin Leader","floor":23.0,"turns":6.0},{"damage":10.0,"enemies":"Book of Stabbing","floor":25.0,"turns":3.0},{"damage":30.0,"enemies":"Gremlin Leader","floor":28.0,"turns":3.0},{"damage":22.0,"enemies":"Centurion and Healer","floor":30.0,"turns":4.0},{"damage":6.0,"enemies":"Chosen and Byrds","floor":31.0,"turns":4.0},{"damage":86.0,"enemies":"Automaton","floor":33.0,"turns":9.0},{"damage":26.0,"enemies":"3 Shapes","floor":35.0,"turns":5.0},{"damage":0.0,"enemies":"Orb Walker","floor":36.0,"turns":3.0},{"damage":6.0,"enemies":"Spire Growth","floor":37.0,"turns":6.0},{"damage":19.0,"enemies":"Writhing Mass","floor":38.0,"turns":6.0},{"damage":46.0,"enemies":"Sphere and 2 Shapes","floor":39.0,"turns":4.0},{"damage":44,"enemies":"Giant Head","floor":40,"turns":5}],"seed_played":"-3038385359563809600","potions_obtained":[{"floor":8.0,"key":"FairyPotion"},{"floor":12.0,"key":"Strength Potion"},{"floor":36.0,"key":"SpeedPotion"},{"floor":38.0,"key":"EssenceOfSteel"}],"is_trial":false,"path_per_floor":["M","?","$","M","?","R","?","M","T","E","M","E","$","E","R","B",null,"M","M","$","?","M","E","R","E","T","?","E","$","M","M","R","B",null,"M","M","M","M","M","E"],"character_chosen":"IRONCLAD","items_purchased":["Impervious","Spot Weakness","Akabeko","Medical Kit","True Grit"],"campfire_rested":0,"item_purchase_floors":[13,20,29,29,29],"current_hp_per_floor":[68,68,68,66,66,66,46,45,45,19,25,20,20,28,28,29,74,45,31,31,31,40,62,62,62,62,62,45,45,36,52,52,15,53,46,56,69,69,39,0],"gold":275,"neow_bonus":"ONE_RARE_RELIC","is_prod":false,"is_daily":false,"chose_seed":false,"campfire_upgraded":4,"win_rate":0,"timestamp":1604264291,"path_taken":["M","?","$","M","?","R","?","M","T","E","M","E","$","E","R","BOSS","M","M","$","?","M","E","R","E","T","?","E","$","M","M","R","BOSS","M","M","M","M","M","E"],"build_version":"2020-07-30","purchased_purges":1,"victory":false,"max_hp_per_floor":[75,68,68,68,68,68,68,68,68,68,68,75,75,89,89,89,89,89,89,89,62,62,62,62,62,62,62,63,63,64,65,65,66,66,67,68,69,70,71,71],"card_choices":[{"not_picked":["Headbutt","Havoc"],"picked":"Spot Weakness","floor":1.0},{"not_picked":["Pummel","Rampage"],"picked":"Sword Boomerang","floor":4.0},{"not_picked":["Wild Strike","Flex"],"picked":"Anger","floor":8.0},{"not_picked":["Pummel+1","Warcry"],"picked":"Whirlwind+1","floor":10.0},{"not_picked":["Shrug It Off","Sword Boomerang+1"],"picked":"Disarm","floor":11.0},{"not_picked":["Whirlwind+1","Havoc"],"picked":"Shrug It Off","floor":12.0},{"not_picked":["Exhume","Iron Wave+1"],"picked":"Shrug It Off","floor":14.0},{"not_picked":["Brutality","Berserk"],"picked":"Offering","floor":16.0},{"not_picked":["Thunderclap+1","Headbutt+1"],"picked":"Shrug It Off","floor":18.0},{"not_picked":["Wild Strike+1","Burning Pact"],"picked":"Sword Boomerang+1","floor":19.0},{"not_picked":["Heavy Blade+1","Second Wind","Clash+1"],"picked":"SKIP","floor":22.0},{"not_picked":["Body Slam+1","Dark Embrace"],"picked":"Impervious","floor":23.0},{"not_picked":["Rage","Clothesline+1"],"picked":"Sword Boomerang+1","floor":25.0},{"not_picked":["Uppercut+1","Clash+1"],"picked":"Pommel Strike+1","floor":28.0},{"not_picked":["Body Slam+1","Perfected Strike+1"],"picked":"Power Through","floor":30.0},{"not_picked":["Bloodletting","Dual Wield"],"picked":"Whirlwind+1","floor":31.0},{"not_picked":["Brutality","Berserk"],"picked":"Barricade","floor":33.0},{"not_picked":["Wild Strike+1","Hemokinesis+1","Dropkick+1"],"picked":"SKIP","floor":35.0},{"not_picked":["Searing Blow+1","Dual Wield"],"picked":"Shrug It Off+1","floor":36.0},{"not_picked":["Sentinel","Spot Weakness","Cleave+1"],"picked":"SKIP","floor":37.0},{"not_picked":["Fire Breathing+1","Brutality","True Grit"],"picked":"SKIP","floor":38.0},{"not_picked":["Shockwave","Heavy Blade+1","Clothesline+1"],"picked":"SKIP","floor":39.0}],"player_experience":1185519,"relics_obtained":[{"floor":9.0,"key":"PreservedInsect"},{"floor":10.0,"key":"Molten Egg 2"},{"floor":12.0,"key":"Strawberry"},{"floor":14.0,"key":"Mango"},{"floor":23.0,"key":"Thread and Needle"},{"floor":25.0,"key":"Art of War"},{"floor":26.0,"key":"InkBottle"},{"floor":28.0,"key":"Old Coin"}],"event_choices":[{"damage_healed":0.0,"max_hp_gain":0.0,"max_hp_loss":7.0,"gold_gain":0.0,"event_name":"Golden Idol","player_choice":"Lose Max HP","floor":2.0,"gold_loss":0.0,"damage_taken":0.0,"relics_obtained":["Golden Idol"]},{"damage_healed":0.0,"max_hp_gain":0.0,"max_hp_loss":0.0,"gold_gain":0.0,"event_name":"Living Wall","player_choice":"Grow","floor":5.0,"gold_loss":0.0,"damage_taken":0.0,"cards_upgraded":["Bash"]},{"damage_healed":0.0,"max_hp_gain":0.0,"max_hp_loss":0.0,"gold_gain":0.0,"event_name":"Shining Light","player_choice":"Entered Light","floor":7.0,"gold_loss":0.0,"damage_taken":20.0,"cards_upgraded":["Defend_R","Strike_R"]},{"damage_healed":0.0,"max_hp_gain":0.0,"max_hp_loss":27.0,"gold_gain":0.0,"event_name":"Vampires","player_choice":"Became a vampire","floor":21.0,"gold_loss":0.0,"damage_taken":0.0,"cards_obtained":["Bite","Bite","Bite","Bite","Bite"]},{"damage_healed":0.0,"max_hp_gain":0.0,"max_hp_loss":0.0,"gold_gain":0.0,"event_name":"FaceTrader","player_choice":"Trade","floor":27.0,"gold_loss":0.0,"damage_taken":0.0,"relics_obtained":["FaceOfCleric"]}],"is_beta":false,"boss_relics":[{"not_picked":["Ectoplasm","SacredBark"],"picked":"Velvet Choker"},{"not_picked":["Empty Cage","Black Blood"],"picked":"Astrolabe"}],"items_purged_floors":[20],"is_endless":false,"potions_floor_spawned":[8,12,19,28,31,36,37,38],"killed_by":"Giant Head","ascension_level":20}