{"gold_per_floor":[109,119,94,111,111,111,154,172,172,172,215,215,490,19,19,117,117,131,147,163,188,188,227,227,265,291,291,291,291,335,349,349,447,447,470,501,349,372,386,424,445,481,481,481,481,87,101,0,0,0,0],"floor_reached":51,"playtime":2035,"items_purged":["Regret","Strike_R","Strike_R"],"score":1896,"play_id":"e58642df-d8d0-4d24-be9b-1ecfc8fae453","local_time":"20201030232411","is_ascension_mode":true,"campfire_choices":[{"data":"Bash","floor":6.0,"key":"SMITH"},{"data":"Perfected Strike","floor":10.0,"key":"SMITH"},{"floor":15.0,"key":"REST"},{"data":"Pommel Strike","floor":24.0,"key":"SMITH"},{"data":"Shrug It Off","floor":27.0,"key":"SMITH"},{"data":"Shrug It Off","floor":29.0,"key":"SMITH"},{"data":"Shrug It Off","floor":32.0,"key":"SMITH"},{"data":"Demon Form","floor":45,"key":"SMITH"},{"floor":49,"key":"RECALL"}],"neow_cost":"NONE","seed_source_timestamp":1296282728155700,"circlet_count":0,"master_deck":["AscendersBane","Strike_R","Strike_R","Strike_R","Defend_R","Defend_R","Defend_R","Defend_R","Bash+1","Perfected Strike+1","Shrug It Off","Disarm+1","Pommel Strike+1","Shrug It Off+1","Twin Strike+1","Clothesline+1","Pommel Strike+1","Bludgeon+1","Pommel Strike+1","Heavy Blade+1","Uppercut+1","Shrug It Off+1","Perfected Strike+1","Whirlwind+1","Shrug It Off+1","Demon Form+1","Perfected Strike+1","Fiend Fire+1","Pommel Strike+1","Perfected Strike+1","Flame Barrier"],"special_seed":0,"relics":["Snecko Eye","Golden Idol","Ornamental Fan","Molten Egg 2","PreservedInsect","HornCleat","Philosopher\u0027s Stone","Bronze Scales","Oddly Smooth Stone","Toy Ornithopter","MutagenicStrength","Potion Belt","Cursed Key","TungstenRod","Akabeko","Vajra","Membership Card","Eternal Feather","Red Mask"],"potions_floor_usage":[50,51,51,51],"damage_taken":[{"damage":0.0,"enemies":"Small Slimes","floor":1.0,"turns":3.0},{"damage":7.0,"enemies":"Jaw Worm","floor":2.0,"turns":3.0},{"damage":0.0,"enemies":"2 Louse","floor":4.0,"turns":2.0},{"damage":22.0,"enemies":"3 Sentries","floor":7.0,"turns":8.0},{"damage":0.0,"enemies":"Exordium Thugs","floor":8.0,"turns":2.0},{"damage":31.0,"enemies":"Gremlin Nob","floor":11.0,"turns":4.0},{"damage":0.0,"enemies":"Hexaghost","floor":16.0,"turns":7.0},{"damage":0.0,"enemies":"Spheric Guardian","floor":18.0,"turns":3.0},{"damage":0.0,"enemies":"2 Thieves","floor":19.0,"turns":2.0},{"damage":0.0,"enemies":"Snecko","floor":20.0,"turns":3.0},{"damage":4.0,"enemies":"Chosen and Byrds","floor":21.0,"turns":4.0},{"damage":0.0,"enemies":"Book of Stabbing","floor":23.0,"turns":2.0},{"damage":0.0,"enemies":"Gremlin Leader","floor":25.0,"turns":1.0},{"damage":0.0,"enemies":"Book of Stabbing","floor":30.0,"turns":2.0},{"damage":0.0,"enemies":"Sentry and Sphere","floor":31.0,"turns":2.0},{"damage":26.0,"enemies":"Automaton","floor":33.0,"turns":5.0},{"damage":0.0,"enemies":"Orb Walker","floor":35.0,"turns":1.0},{"damage":0.0,"enemies":"Mind Bloom Boss Battle","floor":36.0,"turns":3.0},{"damage":30.0,"enemies":"3 Shapes","floor":38.0,"turns":1.0},{"damage":0,"enemies":"Sphere and 2 Shapes","floor":39,"turns":2},{"damage":0,"enemies":"Nemesis","floor":40,"turns":3},{"damage":0,"enemies":"Jaw Worm Horde","floor":41,"turns":1},{"damage":0,"enemies":"Giant Head","floor":42,"turns":4},{"damage":0,"enemies":"3 Darklings","floor":47,"turns":3},{"damage":19,"enemies":"Awakened One","floor":50,"turns":7},{"damage":51,"enemies":"Time Eater","floor":51,"turns":6}],"seed_played":"6323290422979419451","potions_obtained":[{"floor":2.0,"key":"Dexterity Potion"},{"floor":7.0,"key":"Explosive Potion"},{"floor":11.0,"key":"BlessingOfTheForge"},{"floor":38,"key":"AttackPotion"},{"floor":39,"key":"LiquidBronze"},{"floor":42,"key":"Fire Potion"}],"is_trial":false,"path_per_floor":["M","M","$","M","?","R","E","M","T","R","E","?","?","$","R","B",null,"M","M","M","M","?","E","R","E","T","R","?","R","E","M","R","B",null,"M","?","$","M","M","E","M","E","T","?","R","$","M","?","R","B","B"],"character_chosen":"IRONCLAD","items_purchased":["Shrug It Off","Clothesline+1","Pommel Strike+1","HornCleat","Pommel Strike+1","Membership Card","Eternal Feather","Flame Barrier"],"campfire_rested":1,"item_purchase_floors":[3,14,14,14,37,46,46,46],"current_hp_per_floor":[68,61,61,61,61,61,39,39,39,39,8,8,8,8,28,28,58,58,58,58,54,54,54,54,54,54,54,54,54,54,54,54,28,58,58,58,58,28,28,28,28,28,28,28,28,28,28,28,46,32,0],"gold":0,"neow_bonus":"BOSS_RELIC","is_prod":false,"is_daily":false,"chose_seed":false,"campfire_upgraded":7,"win_rate":0,"timestamp":1604118251,"path_taken":["M","M","$","M","?","R","E","M","T","R","E","?","?","$","R","BOSS","M","M","M","M","?","E","R","E","T","R","?","R","E","M","R","BOSS","M","?","$","M","M","E","M","E","T","?","R","$","?","?","R","BOSS","BOSS"],"build_version":"2020-07-30","purchased_purges":3,"victory":false,"max_hp_per_floor":[75,75,75,75,68,68,68,68,68,68,68,68,68,68,68,68,68,68,68,68,68,68,68,68,68,68,68,68,68,68,68,68,68,68,68,68,68,68,68,68,68,68,68,68,68,68,68,68,68,68,68],"card_choices":[{"not_picked":["Wild Strike","Pommel Strike"],"picked":"Perfected Strike","floor":1.0},{"not_picked":["Infernal Blade","Havoc","Reckless Charge"],"picked":"SKIP","floor":2.0},{"not_picked":["Evolve","Rupture"],"picked":"Disarm","floor":4.0},{"not_picked":["Combust","Dual Wield"],"picked":"Pommel Strike","floor":7.0},{"not_picked":["Heavy Blade","Hemokinesis"],"picked":"Shrug It Off","floor":8.0},{"not_picked":["Cleave+1","Rage"],"picked":"Twin Strike+1","floor":11.0},{"not_picked":["Juggernaut","Berserk"],"picked":"Bludgeon+1","floor":16.0},{"not_picked":["Cleave+1","Clash+1"],"picked":"Pommel Strike+1","floor":18.0},{"not_picked":["Flex","Armaments"],"picked":"Heavy Blade+1","floor":19.0},{"not_picked":["Combust","Havoc","Headbutt+1"],"picked":"SKIP","floor":20.0},{"not_picked":["Warcry","Hemokinesis+1"],"picked":"Uppercut+1","floor":21.0},{"not_picked":["Warcry","Anger+1"],"picked":"Shrug It Off","floor":23.0},{"not_picked":["Searing Blow+1","Juggernaut"],"picked":"Perfected Strike+1","floor":25.0},{"not_picked":["Pommel Strike+1","Rage+1"],"picked":"Whirlwind+1","floor":30.0},{"not_picked":["Thunderclap+1","Body Slam+1"],"picked":"Shrug It Off","floor":31.0},{"not_picked":["Exhume","Impervious"],"picked":"Demon Form","floor":33.0},{"not_picked":["Anger+1","Flex"],"picked":"Perfected Strike+1","floor":35.0},{"not_picked":["Twin Strike+1","Thunderclap+1"],"picked":"Fiend Fire+1","floor":36.0},{"not_picked":["Clothesline+1","Headbutt+1","Thunderclap+1"],"picked":"SKIP","floor":38},{"not_picked":["Headbutt+1","Armaments","Body Slam+1"],"picked":"SKIP","floor":39},{"not_picked":["Combust+1","Juggernaut","Headbutt+1"],"picked":"SKIP","floor":40},{"not_picked":["Pommel Strike+1","Cleave+1"],"picked":"Perfected Strike+1","floor":41},{"not_picked":["Sentinel","Combust","Headbutt+1"],"picked":"SKIP","floor":42},{"not_picked":["Havoc","Clash+1","Carnage+1"],"picked":"SKIP","floor":47}],"player_experience":1181149,"relics_obtained":[{"floor":7.0,"key":"Ornamental Fan"},{"floor":9.0,"key":"Molten Egg 2"},{"floor":11.0,"key":"PreservedInsect"},{"floor":23.0,"key":"Bronze Scales"},{"floor":25.0,"key":"Oddly Smooth Stone"},{"floor":26.0,"key":"Toy Ornithopter"},{"floor":30.0,"key":"Potion Belt"},{"floor":36.0,"key":"TungstenRod"},{"floor":40,"key":"Akabeko"},{"floor":42,"key":"Vajra"}],"event_choices":[{"damage_healed":0.0,"max_hp_gain":0.0,"max_hp_loss":7.0,"gold_gain":0.0,"event_name":"Golden Idol","player_choice":"Lose Max HP","floor":5.0,"gold_loss":0.0,"damage_taken":0.0,"relics_obtained":["Golden Idol"]},{"damage_healed":0.0,"max_hp_gain":0.0,"max_hp_loss":0.0,"gold_gain":0.0,"event_name":"Living Wall","player_choice":"Grow","floor":12.0,"gold_loss":0.0,"damage_taken":0.0,"cards_upgraded":["Disarm"]},{"damage_healed":0.0,"max_hp_gain":0.0,"max_hp_loss":0.0,"gold_gain":275.0,"event_name":"Golden Shrine","player_choice":"Desecrate","floor":13.0,"gold_loss":0.0,"damage_taken":0.0,"cards_obtained":["Regret"]},{"damage_healed":0.0,"max_hp_gain":0.0,"max_hp_loss":0.0,"gold_gain":0.0,"event_name":"The Mausoleum","player_choice":"Ignored","floor":22.0,"gold_loss":0.0,"damage_taken":0.0},{"damage_healed":0.0,"max_hp_gain":0.0,"max_hp_loss":0.0,"gold_gain":0.0,"event_name":"Drug Dealer","player_choice":"Inject Mutagens","floor":28.0,"gold_loss":0.0,"damage_taken":0.0,"relics_obtained":["MutagenicStrength"]},{"damage_healed":0.0,"max_hp_gain":0.0,"max_hp_loss":0.0,"gold_gain":0.0,"event_name":"MindBloom","player_choice":"Fight","floor":36.0,"gold_loss":0.0,"damage_taken":0.0},{"cards_removed":["Regret"],"damage_healed":0,"gold_gain":0,"player_choice":"Removed Curses","damage_taken":0,"max_hp_gain":0,"max_hp_loss":0,"event_name":"Fountain of Cleansing","floor":44,"gold_loss":0},{"damage_healed":0,"gold_gain":0,"player_choice":"Paid","damage_taken":0,"relics_obtained":["Red Mask"],"max_hp_gain":0,"max_hp_loss":0,"event_name":"Tomb of Lord Red Mask","floor":48,"gold_loss":101}],"is_beta":false,"boss_relics":[{"not_picked":["Calling Bell","SacredBark"],"picked":"Philosopher\u0027s Stone"},{"not_picked":["SlaversCollar","Velvet Choker"],"picked":"Cursed Key"}],"items_purged_floors":[14,37,46],"is_endless":false,"potions_floor_spawned":[2,7,11,16,19,20,23,38,39,42],"killed_by":"Time Eater","ascension_level":20}