{"gold_per_floor":[111,111,76,1,51,51,94,108,108,108,151,151,164,207,207,297,297,313,327,327],"floor_reached":20,"playtime":710,"items_purged":[],"score":430,"play_id":"e5af8aa2-ebf5-468f-9be2-6807d70fd680","local_time":"20201031144945","is_ascension_mode":true,"campfire_choices":[{"data":"Hemokinesis","floor":6.0,"key":"SMITH"},{"data":"Blood for Blood","floor":10.0,"key":"SMITH"},{"data":"Shockwave","floor":12.0,"key":"SMITH"},{"data":"Combust","floor":15.0,"key":"SMITH"}],"neow_cost":"NONE","seed_source_timestamp":1353112134557000,"circlet_count":0,"master_deck":["AscendersBane","Bash","Hemokinesis+1","Shockwave+1","Offering","Blood for Blood+1","Cleave","Armaments","Combust+1","Corruption","Brutality","Uppercut","Infernal Blade","Shockwave","Combust","Bloodletting","Clash","Perfected Strike","Thunderclap","Battle Trance"],"special_seed":0,"relics":["Burning Blood","NeowsBlessing","Golden Idol","Sundial","Mummified Hand","Art of War","Blue Candle","Pandora\u0027s Box"],"potions_floor_usage":[],"damage_taken":[{"damage":0.0,"enemies":"Jaw Worm","floor":1.0,"turns":1.0},{"damage":0.0,"enemies":"3 Sentries","floor":7.0,"turns":2.0},{"damage":0.0,"enemies":"Cultist","floor":8.0,"turns":1.0},{"damage":8.0,"enemies":"Gremlin Nob","floor":11.0,"turns":3.0},{"damage":6.0,"enemies":"2 Louse","floor":13.0,"turns":2.0},{"damage":15.0,"enemies":"3 Sentries","floor":14.0,"turns":5.0},{"damage":40,"enemies":"Slime Boss","floor":16,"turns":6},{"damage":12,"enemies":"Chosen","floor":18,"turns":3},{"damage":21,"enemies":"2 Thieves","floor":19,"turns":3},{"damage":42,"enemies":"Shelled Parasite and Fungi","floor":20,"turns":2}],"seed_played":"-3504239222290876204","potions_obtained":[{"floor":1.0,"key":"PowerPotion"},{"floor":8.0,"key":"LiquidBronze"},{"floor":11.0,"key":"Fire Potion"},{"floor":14.0,"key":"PowerPotion"}],"is_trial":false,"path_per_floor":["M","?","?","$","?","R","E","M","T","R","E","R","M","E","R","B",null,"M","M","M"],"character_chosen":"IRONCLAD","items_purchased":["Shockwave"],"campfire_rested":0,"item_purchase_floors":[4],"current_hp_per_floor":[74,48,66,66,66,66,72,75,75,75,73,73,73,64,64,30,64,58,43,1],"gold":327,"neow_bonus":"THREE_ENEMY_KILL","is_prod":false,"is_daily":false,"chose_seed":false,"campfire_upgraded":4,"win_rate":0,"timestamp":1604173785,"path_taken":["M","?","?","$","?","R","E","M","T","R","E","R","M","E","R","BOSS","M","M","M"],"build_version":"2020-07-30","purchased_purges":0,"victory":false,"max_hp_per_floor":[75,75,75,75,75,75,75,75,75,75,75,75,75,75,75,75,75,75,75,75],"card_choices":[{"not_picked":["Armaments","Heavy Blade"],"picked":"Hemokinesis","floor":1.0},{"not_picked":["Bludgeon","Metallicize"],"picked":"Offering","floor":7.0},{"not_picked":["Twin Strike","Clothesline"],"picked":"Blood for Blood","floor":8.0},{"not_picked":["Sword Boomerang","Heavy Blade"],"picked":"Cleave","floor":11.0},{"not_picked":["Havoc","Flex"],"picked":"Armaments","floor":13.0},{"not_picked":["Rupture","Wild Strike"],"picked":"Combust","floor":14.0},{"not_picked":["Double Tap","Bludgeon"],"picked":"Corruption","floor":16},{"not_picked":["Clothesline","Burning Pact"],"picked":"Battle Trance","floor":18},{"not_picked":["Fire Breathing","Iron Wave","Sword Boomerang"],"picked":"SKIP","floor":19}],"player_experience":1184009,"relics_obtained":[{"floor":7.0,"key":"Sundial"},{"floor":9.0,"key":"Mummified Hand"},{"floor":11.0,"key":"Art of War"},{"floor":14.0,"key":"Blue Candle"}],"event_choices":[{"damage_healed":0.0,"max_hp_gain":0.0,"max_hp_loss":0.0,"gold_gain":0.0,"event_name":"Golden Idol","player_choice":"Take Damage","floor":2.0,"gold_loss":0.0,"damage_taken":26.0,"relics_obtained":["Golden Idol"]},{"damage_healed":18.0,"max_hp_gain":0.0,"max_hp_loss":0.0,"gold_gain":0.0,"event_name":"The Cleric","player_choice":"Healed","floor":3.0,"gold_loss":35.0,"damage_taken":0.0},{"damage_healed":0.0,"max_hp_gain":0.0,"max_hp_loss":0.0,"gold_gain":50.0,"event_name":"Golden Shrine","player_choice":"Pray","floor":5.0,"gold_loss":0.0,"damage_taken":0.0}],"is_beta":false,"boss_relics":[{"not_picked":["SlaversCollar","Black Blood"],"picked":"Pandora\u0027s Box"}],"items_purged_floors":[],"is_endless":false,"potions_floor_spawned":[1,8,11,14,18],"killed_by":"Shelled Parasite and Fungi","ascension_level":20}