{"gold_per_floor":[115,195,213,224,244,244,271,271,344,369,33,59,78,38,38,112,112,130,165,181,181,196,196,227,227,227,242,256,356,382,396,396,468,468,485,534,545,187,137,137,171,191,214,243,253,14,31,44,44,44,44,44,44,44,72,72],"floor_reached":57,"playtime":4795,"items_purged":["Cleave","Pain"],"score":2998,"play_id":"684d22a1-6fd5-4008-be07-78b2606c8d65","local_time":"20201029230910","is_ascension_mode":true,"campfire_choices":[{"data":"Uppercut","floor":6.0,"key":"SMITH"},{"data":"Spot Weakness","floor":15,"key":"SMITH"},{"data":"Corruption","floor":23,"key":"SMITH"},{"data":"Feel No Pain","floor":25,"key":"SMITH"},{"data":"Feel No Pain","floor":32,"key":"SMITH"},{"data":"Impervious","floor":40,"key":"SMITH"},{"floor":49,"key":"RECALL"},{"data":"Rage","floor":53,"key":"SMITH"}],"neow_cost":"NONE","seed_source_timestamp":1206164941369500,"circlet_count":0,"master_deck":["AscendersBane","Uppercut+1","Shockwave","Inflame","Armaments","Spot Weakness+1","Evolve","Corruption+1","Seeing Red+1","Spot Weakness","Feel No Pain+1","Power Through","Brutality","Reaper","Sentinel+1","Seeing Red","Metallicize","Shrug It Off+1","Power Through","Feel No Pain+1","Body Slam+1","Burning Pact","Burning Pact","Body Slam","Impervious+1","Shrug It Off+1","Reaper+1","Dropkick","Dark Embrace","Shrug It Off+1","Ghostly Armor+1","Dual Wield","Dropkick","Whirlwind","Shrug It Off","Rage+1","Warcry+1","Shrug It Off"],"special_seed":0,"relics":["Burning Blood","Art of War","StoneCalendar","Meat on the Bone","Boot","FossilizedHelix","Bronze Scales","Pandora\u0027s Box","Red Mask","Mango","Torii","Ice Cream","Mercury Hourglass","Bottled Tornado","Cursed Key","Turnip","HornCleat","Eternal Feather","Vajra","War Paint"],"potions_floor_usage":[24,56],"damage_taken":[{"damage":1.0,"enemies":"Cultist","floor":1.0,"turns":3.0},{"damage":7.0,"enemies":"Jaw Worm","floor":3.0,"turns":3.0},{"damage":6.0,"enemies":"2 Louse","floor":4.0,"turns":3.0},{"damage":0.0,"enemies":"Lots of Slimes","floor":5.0,"turns":1.0},{"damage":36.0,"enemies":"3 Sentries","floor":7.0,"turns":11.0},{"damage":12,"enemies":"Lagavulin","floor":10,"turns":7},{"damage":20,"enemies":"3 Sentries","floor":12,"turns":7},{"damage":13,"enemies":"Exordium Wildlife","floor":13,"turns":5},{"damage":22,"enemies":"The Guardian","floor":16,"turns":9},{"damage":0,"enemies":"3 Byrds","floor":18,"turns":2},{"damage":70,"enemies":"Masked Bandits","floor":19,"turns":5},{"damage":10,"enemies":"Spheric Guardian","floor":20,"turns":5},{"damage":10,"enemies":"Snake Plant","floor":22,"turns":6},{"damage":15,"enemies":"Gremlin Leader","floor":24,"turns":7},{"damage":25,"enemies":"Centurion and Healer","floor":27,"turns":7},{"damage":1,"enemies":"Sentry and Sphere","floor":28,"turns":6},{"damage":2,"enemies":"Colosseum Slavers","floor":29,"turns":4},{"damage":23,"enemies":"Colosseum Nobs","floor":29,"turns":5},{"damage":8,"enemies":"Book of Stabbing","floor":30,"turns":4},{"damage":4,"enemies":"Shelled Parasite and Fungi","floor":31,"turns":5},{"damage":4,"enemies":"Champ","floor":33,"turns":10},{"damage":0,"enemies":"3 Shapes","floor":35,"turns":6},{"damage":84,"enemies":"2 Orb Walkers","floor":36,"turns":7},{"damage":11,"enemies":"3 Darklings","floor":37,"turns":4},{"damage":0,"enemies":"Nemesis","floor":41,"turns":5},{"damage":41,"enemies":"4 Shapes","floor":42,"turns":4},{"damage":0,"enemies":"Giant Head","floor":44,"turns":5},{"damage":4,"enemies":"Writhing Mass","floor":45,"turns":5},{"damage":0,"enemies":"Spire Growth","floor":47,"turns":3},{"damage":11,"enemies":"3 Darklings","floor":48,"turns":5},{"damage":2,"enemies":"Donu and Deca","floor":50,"turns":5},{"damage":2,"enemies":"Awakened One","floor":51,"turns":6},{"damage":57,"enemies":"Shield and Spear","floor":55,"turns":6},{"damage":19,"enemies":"The Heart","floor":56,"turns":9}],"seed_played":"-8113486972574387708","potions_obtained":[{"floor":1.0,"key":"AttackPotion"},{"floor":4.0,"key":"EssenceOfSteel"},{"floor":7.0,"key":"SteroidPotion"},{"floor":12,"key":"SpeedPotion"},{"floor":19,"key":"EntropicBrew"},{"floor":20,"key":"Fire Potion"},{"floor":22,"key":"CultistPotion"},{"floor":28,"key":"SpeedPotion"},{"floor":44,"key":"DuplicationPotion"}],"is_trial":false,"path_per_floor":["M","?","M","M","M","R","E","?","T","E","$","E","M","$","R","B",null,"M","?","M","?","M","R","E","R","T","M","M","?","E","M","R","B",null,"M","?","M","$","?","R","E","M","T","E","M","$","M","M","R","B","B",null,"R","$","E","B",null],"character_chosen":"IRONCLAD","items_purchased":["FossilizedHelix","Evolve","HornCleat","Whirlwind","Shrug It Off"],"campfire_rested":0,"item_purchase_floors":[11,14,38,46,46],"current_hp_per_floor":[73,73,72,72,75,75,45,45,45,51,51,49,54,54,54,50,69,75,46,62,62,68,68,80,80,80,68,89,72,70,72,72,79,87,89,40,89,89,89,89,89,89,89,89,89,89,89,89,89,89,89,89,89,89,82,89],"gold":72,"neow_bonus":"RANDOM_COMMON_RELIC","is_prod":false,"is_daily":false,"chose_seed":false,"campfire_upgraded":7,"win_rate":0,"timestamp":1604030950,"path_taken":["M","?","M","M","M","R","E","?","T","E","$","E","M","$","R","BOSS","M","?","M","?","M","R","E","R","T","?","M","?","E","M","R","BOSS","M","?","M","$","?","R","E","M","T","E","M","$","?","M","R","BOSS","BOSS","R","$","E","BOSS"],"build_version":"2020-07-30","purchased_purges":2,"victory":true,"max_hp_per_floor":[75,75,75,75,75,75,75,75,75,75,75,75,75,75,75,75,75,75,75,75,75,75,75,89,89,89,89,89,89,89,89,89,89,89,89,89,89,89,89,89,89,89,89,89,89,89,89,89,89,89,89,89,89,89,89,89],"card_choices":[{"not_picked":["Clash","Spot Weakness"],"picked":"Uppercut","floor":1.0},{"not_picked":["Cleave","Blood for Blood"],"picked":"Shockwave","floor":3.0},{"not_picked":["Pommel Strike","Thunderclap"],"picked":"Inflame","floor":4.0},{"not_picked":["Clash","Clothesline"],"picked":"Armaments","floor":5.0},{"not_picked":["Fire Breathing","Sword Boomerang"],"picked":"Cleave","floor":7.0},{"not_picked":["Perfected Strike","Cleave","Brutality"],"picked":"SKIP","floor":10},{"not_picked":["Rage","Power Through"],"picked":"Spot Weakness","floor":12},{"not_picked":["Second Wind","Carnage","Cleave"],"picked":"SKIP","floor":13},{"not_picked":["Double Tap","Brutality"],"picked":"Corruption","floor":16},{"not_picked":["Whirlwind","Heavy Blade"],"picked":"Shrug It Off","floor":18},{"not_picked":["Armaments","Twin Strike"],"picked":"Power Through","floor":19},{"not_picked":["Wild Strike","Flex","Sword Boomerang"],"picked":"SKIP","floor":20},{"not_picked":["Searing Blow","Pommel Strike"],"picked":"Feel No Pain","floor":22},{"not_picked":["Twin Strike","Intimidate+1"],"picked":"Body Slam+1","floor":24},{"not_picked":["Heavy Blade","Thunderclap"],"picked":"Burning Pact","floor":27},{"not_picked":["Sword Boomerang+1","Searing Blow"],"picked":"Burning Pact","floor":28},{"not_picked":["Evolve","Blood for Blood"],"picked":"Body Slam","floor":29},{"not_picked":["Intimidate","Rage"],"picked":"Impervious","floor":30},{"not_picked":["Iron Wave","Rampage"],"picked":"Shrug It Off+1","floor":31},{"not_picked":["Bludgeon","Berserk"],"picked":"Reaper","floor":33},{"not_picked":["Clash+1","Clothesline","Hemokinesis"],"picked":"SKIP","floor":35},{"not_picked":["Pommel Strike","Flex"],"picked":"Dropkick","floor":36},{"not_picked":["Fire Breathing+1","Inflame"],"picked":"Dark Embrace","floor":37},{"not_picked":["Thunderclap","Pommel Strike"],"picked":"Shrug It Off+1","floor":41},{"not_picked":["Blood for Blood+1","Armaments"],"picked":"Ghostly Armor+1","floor":42},{"not_picked":["Shrug It Off","Havoc+1"],"picked":"Dual Wield","floor":44},{"not_picked":["Inflame+1","Burning Pact"],"picked":"Dropkick","floor":45},{"not_picked":["Offering","Sword Boomerang"],"picked":"Rage","floor":47},{"not_picked":["Pommel Strike","Flex"],"picked":"Warcry+1","floor":48},{"not_picked":["Sword Boomerang","Inflame+1"],"picked":"Shrug It Off","floor":55}],"player_experience":1173966,"relics_obtained":[{"floor":7.0,"key":"StoneCalendar"},{"floor":9,"key":"Meat on the Bone"},{"floor":10,"key":"Boot"},{"floor":12,"key":"Bronze Scales"},{"floor":19,"key":"Red Mask"},{"floor":24,"key":"Mango"},{"floor":26,"key":"Torii"},{"floor":29,"key":"Ice Cream"},{"floor":29,"key":"Mercury Hourglass"},{"floor":30,"key":"Bottled Tornado"},{"floor":36,"key":"Turnip"},{"floor":41,"key":"Eternal Feather"},{"floor":44,"key":"Vajra"},{"floor":55,"key":"War Paint"}],"event_choices":[{"damage_healed":0.0,"max_hp_gain":0.0,"max_hp_loss":0.0,"gold_gain":80.0,"event_name":"Golden Wing","player_choice":"Gained Gold","floor":2.0,"gold_loss":0.0,"damage_taken":0.0},{"damage_healed":0,"gold_gain":0,"player_choice":"Fled","damage_taken":0,"max_hp_gain":0,"max_hp_loss":0,"event_name":"Scrap Ooze","floor":8,"gold_loss":0},{"damage_healed":0,"gold_gain":0,"player_choice":"Fought Bandits","damage_taken":0,"max_hp_gain":0,"max_hp_loss":0,"event_name":"Masked Bandits","floor":19,"gold_loss":0},{"cards_removed":["Bash"],"damage_healed":0,"gold_gain":0,"player_choice":"Card Removal","damage_taken":0,"max_hp_gain":0,"max_hp_loss":0,"event_name":"Wheel of Change","floor":21,"gold_loss":0},{"damage_healed":0,"gold_gain":0,"player_choice":"Fight","damage_taken":0,"max_hp_gain":0,"max_hp_loss":0,"event_name":"Colosseum","floor":29,"gold_loss":0},{"damage_healed":0,"gold_gain":0,"player_choice":"Fought Nobs","damage_taken":0,"max_hp_gain":0,"max_hp_loss":0,"event_name":"Colosseum","floor":29,"gold_loss":0},{"damage_healed":0,"gold_gain":0,"player_choice":"Fight","damage_taken":0,"max_hp_gain":0,"max_hp_loss":0,"event_name":"Mysterious Sphere","floor":36,"gold_loss":0},{"damage_healed":0,"gold_gain":0,"player_choice":"Upgraded Two","damage_taken":0,"max_hp_gain":0,"max_hp_loss":0,"event_name":"Designer","floor":39,"gold_loss":50,"cards_upgraded":["Seeing Red","Reaper"]}],"is_beta":false,"boss_relics":[{"not_picked":["Black Blood","Busted Crown"],"picked":"Pandora\u0027s Box"},{"not_picked":["Black Star","Astrolabe"],"picked":"Cursed Key"}],"items_purged_floors":[38,46],"is_endless":false,"potions_floor_spawned":[1,4,7,12,19,20,22,28,29,30,31,33,37,44,45,47],"ascension_level":20}