{"gold_per_floor":[99,99,99,99,99,99,99,99,99,99,99,99,99,99,99,99,99,99,99,39,39,39,39,39,39,39,39,39,39,39,3,3,3],"floor_reached":33,"playtime":1387,"items_purged":[],"score":794,"play_id":"db846835-1e35-47d4-90da-fca739398aa5","local_time":"20201104000334","is_ascension_mode":true,"campfire_choices":[{"data":"Inflame","floor":7.0,"key":"SMITH"},{"floor":10,"key":"REST"},{"data":"Bludgeon","floor":13,"key":"SMITH"},{"data":"Bash","floor":15,"key":"SMITH"},{"data":"Cleave","floor":23,"key":"SMITH"},{"floor":27,"key":"REST"},{"data":"Intimidate","floor":29,"key":"SMITH"},{"data":"True Grit","floor":32,"key":"SMITH"}],"neow_cost":"NONE","seed_source_timestamp":0,"circlet_count":0,"master_deck":["AscendersBane","Strike_R","Strike_R","Strike_R","Strike_R","Defend_R","Defend_R","Defend_R","Defend_R","Bash+1","Ghostly Armor","Cleave+1","Power Through","Inflame+1","Sword Boomerang","Sword Boomerang","Bludgeon+1","Twin Strike","Offering","Sever Soul+1","Anger","Intimidate+1","Shrug It Off","True Grit+1","Shockwave"],"special_seed":0,"relics":["Ectoplasm","Bag of Marbles","MealTicket","Orichalcum","Runic Pyramid","SsserpentHead","Bronze Scales","Centennial Puzzle","Nunchaku"],"potions_floor_usage":[16,21,22,24,33],"damage_taken":[{"damage":7.0,"enemies":"Small Slimes","floor":1.0,"turns":4.0},{"damage":9.0,"enemies":"Jaw Worm","floor":2.0,"turns":4.0},{"damage":0.0,"enemies":"Cultist","floor":4.0,"turns":4.0},{"damage":8.0,"enemies":"Large Slime","floor":5.0,"turns":7.0},{"damage":29.0,"enemies":"Gremlin Nob","floor":8.0,"turns":4.0},{"damage":15,"enemies":"Lagavulin","floor":11,"turns":6},{"damage":0,"enemies":"Exordium Thugs","floor":12,"turns":2},{"damage":1,"enemies":"2 Fungi Beasts","floor":14,"turns":3},{"damage":11,"enemies":"The Guardian","floor":16,"turns":8},{"damage":9,"enemies":"3 Byrds","floor":18,"turns":5},{"damage":7,"enemies":"2 Thieves","floor":20,"turns":3},{"damage":0,"enemies":"Shelled Parasite and Fungi","floor":22,"turns":2},{"damage":30,"enemies":"Slavers","floor":24,"turns":5},{"damage":2,"enemies":"Centurion and Healer","floor":25,"turns":4},{"damage":24,"enemies":"Book of Stabbing","floor":28,"turns":3},{"damage":1,"enemies":"3 Cultists","floor":30,"turns":4},{"damage":56,"enemies":"Champ","floor":33,"turns":7}],"seed_played":"-8401353593471220617","potions_obtained":[{"floor":2.0,"key":"DuplicationPotion"},{"floor":4.0,"key":"LiquidBronze"},{"floor":8.0,"key":"Explosive Potion"},{"floor":18,"key":"AttackPotion"},{"floor":21,"key":"Fruit Juice"},{"floor":21,"key":"DuplicationPotion"},{"floor":28,"key":"Swift Potion"},{"floor":30,"key":"BloodPotion"}],"is_trial":false,"path_per_floor":["M","M","?","M","M","?","R","E","T","R","E","M","R","M","R","B",null,"M","?","M","?","M","R","E","M","T","R","E","R","M","$","R","B"],"character_chosen":"IRONCLAD","items_purchased":["Shockwave"],"campfire_rested":2,"item_purchase_floors":[31],"current_hp_per_floor":[61,52,52,52,44,44,44,15,15,37,22,22,22,21,21,10,59,50,50,43,48,48,48,18,16,16,40,16,16,15,30,30,0],"gold":3,"neow_bonus":"BOSS_RELIC","is_prod":false,"is_daily":false,"chose_seed":false,"campfire_upgraded":6,"win_rate":0,"timestamp":1604469814,"path_taken":["M","M","?","M","M","?","R","E","T","R","E","M","R","M","R","BOSS","M","?","?","?","M","R","E","?","T","R","E","R","M","$","R","BOSS"],"build_version":"2020-07-30","purchased_purges":0,"victory":false,"max_hp_per_floor":[75,75,75,75,75,75,75,75,75,75,75,75,75,75,75,75,75,75,75,75,80,80,80,80,80,80,80,80,80,80,80,80,80],"card_choices":[{"not_picked":["Havoc","Armaments"],"picked":"Ghostly Armor","floor":1.0},{"not_picked":["Clash","Anger"],"picked":"Cleave","floor":2.0},{"not_picked":["Sever Soul","Havoc"],"picked":"Inflame","floor":4.0},{"not_picked":["Dual Wield","Twin Strike"],"picked":"Sword Boomerang","floor":5.0},{"not_picked":["Armaments","Infernal Blade"],"picked":"Sword Boomerang","floor":8.0},{"not_picked":["True Grit","Clothesline"],"picked":"Bludgeon","floor":11},{"not_picked":["Heavy Blade","Fire Breathing","Iron Wave"],"picked":"SKIP","floor":12},{"not_picked":["Sever Soul","Metallicize"],"picked":"Twin Strike","floor":14},{"not_picked":["Juggernaut","Berserk"],"picked":"Offering","floor":16},{"not_picked":["Clash","Headbutt","Cleave"],"picked":"SKIP","floor":18},{"not_picked":["Iron Wave","Ghostly Armor"],"picked":"Sever Soul+1","floor":20},{"not_picked":["Anger","Clash+1","Twin Strike"],"picked":"SKIP","floor":22},{"not_picked":["Clash+1","Twin Strike"],"picked":"Anger","floor":22},{"not_picked":["Power Through","Clash+1"],"picked":"Intimidate","floor":24},{"not_picked":["Twin Strike","Uppercut","Cleave"],"picked":"SKIP","floor":25},{"not_picked":["Rupture","Wild Strike"],"picked":"Shrug It Off","floor":28},{"not_picked":["Blood for Blood","Feel No Pain+1"],"picked":"True Grit","floor":30}],"player_experience":1192880,"relics_obtained":[{"floor":8.0,"key":"Bag of Marbles"},{"floor":9.0,"key":"MealTicket"},{"floor":11,"key":"Orichalcum"},{"floor":24,"key":"Bronze Scales"},{"floor":26,"key":"Centennial Puzzle"},{"floor":28,"key":"Nunchaku"}],"event_choices":[{"damage_healed":0.0,"max_hp_gain":0.0,"max_hp_loss":0.0,"gold_gain":0.0,"cards_transformed":["Strike_R"],"event_name":"Living Wall","player_choice":"Change","floor":3.0,"gold_loss":0.0,"damage_taken":0.0,"cards_obtained":["Power Through"]},{"damage_healed":0.0,"max_hp_gain":0.0,"max_hp_loss":0.0,"gold_gain":0.0,"event_name":"Liars Game","player_choice":"Ignored","floor":6.0,"gold_loss":0.0,"damage_taken":0.0},{"damage_healed":0,"gold_gain":0,"player_choice":"Trade","damage_taken":0,"relics_obtained":["SsserpentHead"],"max_hp_gain":0,"max_hp_loss":0,"event_name":"FaceTrader","floor":19,"gold_loss":0},{"damage_healed":0,"gold_gain":0,"player_choice":"Got Potions","damage_taken":0,"max_hp_gain":0,"max_hp_loss":0,"event_name":"Lab","floor":21,"gold_loss":0}],"is_beta":false,"boss_relics":[{"not_picked":["Mark of Pain","Calling Bell"],"picked":"Runic Pyramid"}],"items_purged_floors":[],"is_endless":false,"potions_floor_spawned":[2,4,5,8,18,28,30],"killed_by":"Champ","ascension_level":20}