{"gold_per_floor":[115,115,115,133,145,145,178,178,178,178,198,229,229,154,154,225,225,245,258,19,35,48,80,80,113,137,157,171,184,216,56,56,56],"floor_reached":33,"playtime":1520,"items_purged":["Strike_R"],"score":659,"play_id":"c54cb923-2fc1-475a-a07d-60c25de431ef","local_time":"20201101225817","is_ascension_mode":true,"campfire_choices":[{"data":"Bash","floor":6,"key":"SMITH"},{"data":"Fire Breathing","floor":8,"key":"SMITH"},{"data":"Intimidate","floor":10,"key":"SMITH"},{"data":"Juggernaut","floor":13,"key":"SMITH"},{"data":"Bludgeon","floor":15,"key":"SMITH"},{"floor":24,"key":"REST"},{"floor":32,"key":"REST"}],"neow_cost":"NONE","seed_source_timestamp":1471650401250100,"circlet_count":0,"master_deck":["AscendersBane","Strike_R+1","Strike_R","Strike_R","Defend_R","Defend_R","Defend_R+1","Defend_R","Bash+1","Anger","Bludgeon+1","Fire Breathing+1","Intimidate+1","Juggernaut+1","Offering","Immolate","Wild Strike","CutThroughFate","WheelKick","Conserve Battery+1","Leg Sweep","Auto Shields+1","Shrug It Off"],"relics":["Burning Blood","Mummified Hand","Kunai","Dream Catcher","Velvet Choker","PrismaticShard","Oddly Smooth Stone","Calipers","Pen Nib","Mango","ClockworkSouvenir"],"potions_floor_usage":[7,16,23,25,29,30,33],"damage_taken":[{"damage":11,"enemies":"2 Louse","floor":1,"turns":3},{"damage":0,"enemies":"Jaw Worm","floor":4,"turns":2},{"damage":0,"enemies":"Cultist","floor":5,"turns":2},{"damage":12,"enemies":"3 Sentries","floor":7,"turns":5},{"damage":16,"enemies":"Exordium Thugs","floor":11,"turns":5},{"damage":21,"enemies":"Lagavulin","floor":12,"turns":7},{"damage":32,"enemies":"Hexaghost","floor":16,"turns":6},{"damage":21,"enemies":"3 Byrds","floor":18,"turns":4},{"damage":24,"enemies":"Chosen","floor":19,"turns":4},{"damage":6,"enemies":"Snecko","floor":21,"turns":3},{"damage":8,"enemies":"Centurion and Healer","floor":22,"turns":5},{"damage":32,"enemies":"Book of Stabbing","floor":23,"turns":4},{"damage":23,"enemies":"Slavers","floor":25,"turns":4},{"damage":3,"enemies":"3 Cultists","floor":27,"turns":3},{"damage":0,"enemies":"Cultist and Chosen","floor":28,"turns":4},{"damage":28,"enemies":"Sentry and Sphere","floor":29,"turns":4},{"damage":17,"enemies":"Book of Stabbing","floor":30,"turns":4},{"damage":74,"enemies":"Automaton","floor":33,"turns":6}],"seed_played":"4631191391611042389","potions_obtained":[{"floor":1,"key":"Regen Potion"},{"floor":4,"key":"ColorlessPotion"},{"floor":7,"key":"BloodPotion"},{"floor":23,"key":"Fire Potion"},{"floor":25,"key":"Strength Potion"},{"floor":27,"key":"BloodPotion"},{"floor":29,"key":"BloodPotion"}],"is_trial":false,"path_per_floor":["M","?","?","M","M","R","E","R","T","R","M","E","R","$","R","B",null,"M","M","$","M","M","E","R","E","T","M","M","M","E","$","R","B"],"character_chosen":"IRONCLAD","items_purchased":["Offering","PrismaticShard","ClockworkSouvenir"],"campfire_rested":2,"item_purchase_floors":[14,20,31],"current_hp_per_floor":[70,45,45,51,57,57,65,65,65,65,55,40,40,40,40,30,69,54,36,36,36,34,8,32,15,15,18,24,18,21,21,49,0],"gold":56,"neow_bonus":"TEN_PERCENT_HP_BONUS","is_prod":false,"is_daily":false,"chose_seed":false,"campfire_upgraded":5,"win_rate":0,"timestamp":1604293097,"path_taken":["M","?","?","M","M","R","E","R","T","R","?","E","R","?","R","BOSS","M","M","$","?","M","E","R","E","T","M","M","M","E","?","R","BOSS"],"build_version":"2020-07-30","purchased_purges":1,"victory":false,"max_hp_per_floor":[82,82,82,82,82,82,82,82,82,82,82,82,82,82,82,82,82,82,82,82,82,82,82,82,82,82,82,82,82,96,96,96,96],"card_choices":[{"not_picked":["Entrench","Searing Blow"],"picked":"Anger","floor":1},{"not_picked":["Anger","Clothesline"],"picked":"Fire Breathing","floor":4},{"not_picked":["Metallicize","True Grit"],"picked":"Intimidate","floor":5},{"not_picked":["Headbutt","Clothesline"],"picked":"Juggernaut","floor":7},{"not_picked":["Havoc","True Grit","Thunderclap"],"picked":"SKIP","floor":11},{"not_picked":["Bludgeon","Sentinel","Sword Boomerang"],"picked":"SKIP","floor":12},{"not_picked":["Exhume","Berserk"],"picked":"Immolate","floor":16},{"not_picked":["Anger+1","Clothesline","Reckless Charge"],"picked":"SKIP","floor":18},{"not_picked":["Havoc+1","Sword Boomerang"],"picked":"Wild Strike","floor":19},{"not_picked":["Clothesline","Distraction+1"],"picked":"CutThroughFate","floor":21},{"not_picked":["Iron Wave+1","Warcry"],"picked":"WheelKick","floor":22},{"not_picked":["Crippling Poison","FlurryOfBlows","Eviscerate"],"picked":"SKIP","floor":23},{"not_picked":["Clash","Protect"],"picked":"Conserve Battery+1","floor":24},{"not_picked":["Bloodletting","PanicButton"],"picked":"Leg Sweep","floor":25},{"not_picked":["Reinforced Body","Prostrate"],"picked":"Auto Shields+1","floor":27},{"not_picked":["Prepared","DeusExMachina"],"picked":"Shrug It Off","floor":28},{"not_picked":["FlurryOfBlows","Cleave","Flying Knee"],"picked":"SKIP","floor":29},{"not_picked":["FearNoEvil","Wild Strike","Blizzard"],"picked":"SKIP","floor":30}],"player_experience":1189037,"relics_obtained":[{"floor":7,"key":"Mummified Hand"},{"floor":9,"key":"Kunai"},{"floor":12,"key":"Dream Catcher"},{"floor":23,"key":"Oddly Smooth Stone"},{"floor":25,"key":"Calipers"},{"floor":26,"key":"Pen Nib"},{"floor":30,"key":"Mango"}],"event_choices":[{"damage_healed":0,"gold_gain":0,"player_choice":"Entered Light","damage_taken":25,"max_hp_gain":0,"max_hp_loss":0,"event_name":"Shining Light","floor":2,"gold_loss":0,"cards_upgraded":["Defend_R","Strike_R"]},{"damage_healed":0,"gold_gain":0,"cards_transformed":["Strike_R"],"player_choice":"Transformed","damage_taken":0,"max_hp_gain":0,"max_hp_loss":0,"event_name":"Transmorgrifier","floor":3,"gold_loss":0,"cards_obtained":["Bludgeon"]}],"is_beta":false,"boss_relics":[{"not_picked":["Tiny House","Ectoplasm"],"picked":"Velvet Choker"}],"items_purged_floors":[20],"is_endless":false,"potions_floor_spawned":[1,4,7,23,25,27,29],"killed_by":"Automaton","ascension_level":20}