{"gold_per_floor":[212,232,247,262,337,337,370,24,24,24,58,58,58,88,88,88],"floor_reached":16,"playtime":742,"items_purged":[],"score":236,"play_id":"8b51ff0a-b1e7-4aca-a683-b44b6797b2b9","local_time":"20201101231109","is_ascension_mode":true,"campfire_choices":[{"data":"Bash","floor":6,"key":"SMITH"},{"data":"Strike_R","floor":13,"key":"PURGE"},{"data":"Strike_R","floor":15,"key":"PURGE"}],"neow_cost":"NONE","seed_source_timestamp":1473201791300600,"circlet_count":0,"master_deck":["AscendersBane","Strike_R","Strike_R","Strike_R","Defend_R","Defend_R","Defend_R","Defend_R","Bash+1","Iron Wave","Pommel Strike","Inflame+1","Corruption","Power Through","Impervious"],"relics":["Burning Blood","Peace Pipe","Centennial Puzzle","Pear","StrikeDummy","Dream Catcher"],"potions_floor_usage":[7,11,14,16],"damage_taken":[{"damage":6,"enemies":"Cultist","floor":1,"turns":3},{"damage":3,"enemies":"2 Louse","floor":2,"turns":4},{"damage":2,"enemies":"Jaw Worm","floor":3,"turns":4},{"damage":15,"enemies":"3 Louse","floor":4,"turns":4},{"damage":32,"enemies":"Gremlin Nob","floor":7,"turns":4},{"damage":5,"enemies":"Lagavulin","floor":11,"turns":7},{"damage":22,"enemies":"Gremlin Nob","floor":14,"turns":4},{"damage":21,"enemies":"Hexaghost","floor":16,"turns":10}],"seed_played":"-5458708825164015192","potions_obtained":[{"floor":1,"key":"SteroidPotion"},{"floor":7,"key":"Energy Potion"},{"floor":11,"key":"Weak Potion"},{"floor":14,"key":"SkillPotion"}],"is_trial":false,"path_per_floor":["M","M","M","M","?","R","E","$","T","?","E","?","R","E","R","B"],"character_chosen":"IRONCLAD","items_purchased":["Centennial Puzzle","Corruption","Power Through"],"campfire_rested":0,"item_purchase_floors":[8,8,8],"current_hp_per_floor":[68,71,75,66,55,55,29,29,39,39,40,40,40,24,24,3],"gold":88,"neow_bonus":"HUNDRED_GOLD","is_prod":false,"is_daily":false,"chose_seed":false,"campfire_upgraded":1,"win_rate":0,"timestamp":1604293869,"path_taken":["M","M","?","M","?","R","E","$","T","?","E","?","R","E","R","BOSS"],"build_version":"2020-07-30","purchased_purges":0,"victory":false,"max_hp_per_floor":[75,75,75,75,75,75,75,75,85,85,85,85,85,85,85,85],"card_choices":[{"not_picked":["Clothesline","Clash"],"picked":"Iron Wave","floor":1},{"not_picked":["Sword Boomerang","Body Slam"],"picked":"Pommel Strike","floor":2},{"not_picked":["True Grit","Flex","Burning Pact"],"picked":"SKIP","floor":3},{"not_picked":["Rage","Heavy Blade","Body Slam"],"picked":"SKIP","floor":4},{"not_picked":["Iron Wave","Flex"],"picked":"Inflame","floor":7},{"not_picked":["Body Slam","Headbutt","Warcry"],"picked":"SKIP","floor":11},{"not_picked":["Warcry","Iron Wave"],"picked":"Impervious","floor":14}],"player_experience":1190557,"relics_obtained":[{"floor":7,"key":"Peace Pipe"},{"floor":9,"key":"Pear"},{"floor":11,"key":"StrikeDummy"},{"floor":14,"key":"Dream Catcher"}],"event_choices":[{"damage_healed":0,"gold_gain":75,"player_choice":"Gather Gold","damage_taken":11,"max_hp_gain":0,"max_hp_loss":0,"event_name":"World of Goop","floor":5,"gold_loss":0},{"damage_healed":0,"gold_gain":0,"player_choice":"Ignored","damage_taken":0,"max_hp_gain":0,"max_hp_loss":0,"event_name":"Liars Game","floor":10,"gold_loss":0},{"damage_healed":0,"gold_gain":0,"player_choice":"Upgraded","damage_taken":0,"max_hp_gain":0,"max_hp_loss":0,"event_name":"Upgrade Shrine","floor":12,"gold_loss":0,"cards_upgraded":["Inflame"]}],"is_beta":false,"boss_relics":[],"items_purged_floors":[],"is_endless":false,"potions_floor_spawned":[1,7,11,14],"killed_by":"Hexaghost","ascension_level":20}