{"gold_per_floor":[116,134,212,212,223,223,257,275,275,292,292,326,326,357,357,357],"floor_reached":16,"playtime":564,"items_purged":[],"score":240,"play_id":"aa097029-ab1f-4e8e-859b-c80867e5e6c7","local_time":"20201030093002","is_ascension_mode":true,"campfire_choices":[{"data":"Bash","floor":6,"key":"SMITH"},{"data":"Whirlwind","floor":11,"key":"SMITH"},{"floor":13,"key":"REST"},{"data":"Combust","floor":15,"key":"SMITH"}],"neow_cost":"NONE","seed_source_timestamp":1247711379311400,"circlet_count":0,"master_deck":["AscendersBane","Strike_R","Strike_R","Strike_R","Strike_R","Strike_R","Defend_R","Defend_R","Defend_R","Defend_R","Bash+1","Combust+1","Wild Strike","Decay","Whirlwind+1","True Grit","Shockwave","True Grit","Flame Barrier"],"relics":["Burning Blood","NeowsBlessing","Charon\u0027s Ashes","StoneCalendar","Gremlin Horn","Matryoshka"],"potions_floor_usage":[12,14],"damage_taken":[{"damage":0,"enemies":"2 Louse","floor":1,"turns":1},{"damage":0,"enemies":"Cultist","floor":2,"turns":1},{"damage":0,"enemies":"Small Slimes","floor":5,"turns":1},{"damage":54,"enemies":"Lagavulin","floor":7,"turns":8},{"damage":14,"enemies":"Blue Slaver","floor":8,"turns":4},{"damage":6,"enemies":"3 Louse","floor":10,"turns":3},{"damage":10,"enemies":"Gremlin Nob","floor":12,"turns":3},{"damage":26,"enemies":"Lagavulin","floor":14,"turns":7},{"damage":24,"enemies":"Slime Boss","floor":16,"turns":3}],"seed_played":"-7809139820581683969","potions_obtained":[{"floor":2,"key":"Strength Potion"},{"floor":8,"key":"Explosive Potion"},{"floor":14,"key":"PowerPotion"}],"is_trial":false,"path_per_floor":["M","M","?","?","M","R","E","M","T","M","R","E","R","E","R","B"],"character_chosen":"IRONCLAD","items_purchased":[],"campfire_rested":1,"item_purchase_floors":[],"current_hp_per_floor":[74,75,75,75,75,75,27,19,19,19,19,15,37,17,17,0],"gold":357,"neow_bonus":"THREE_ENEMY_KILL","is_prod":false,"is_daily":false,"chose_seed":false,"campfire_upgraded":3,"win_rate":0,"timestamp":1604068202,"path_taken":["M","M","?","?","?","R","E","M","T","M","R","E","R","E","R","BOSS"],"build_version":"2020-07-30","purchased_purges":0,"victory":false,"max_hp_per_floor":[75,75,75,75,75,75,75,75,75,75,75,75,75,75,75,75],"card_choices":[{"not_picked":["Shrug It Off","Twin Strike"],"picked":"Combust","floor":1},{"not_picked":["Feel No Pain","Reckless Charge"],"picked":"Wild Strike","floor":2},{"not_picked":["Sentinel","Headbutt"],"picked":"Whirlwind","floor":5},{"not_picked":["Blood for Blood","Thunderclap"],"picked":"True Grit","floor":7},{"not_picked":["Pommel Strike","True Grit"],"picked":"Shockwave","floor":8},{"not_picked":["Clothesline","Fire Breathing","Headbutt"],"picked":"SKIP","floor":10},{"not_picked":["Entrench","Thunderclap"],"picked":"True Grit","floor":12},{"not_picked":["Sever Soul","Limit Break"],"picked":"Flame Barrier","floor":14}],"player_experience":1179086,"relics_obtained":[{"floor":7,"key":"Charon\u0027s Ashes"},{"floor":9,"key":"StoneCalendar"},{"floor":12,"key":"Gremlin Horn"},{"floor":14,"key":"Matryoshka"}],"event_choices":[{"damage_healed":0,"gold_gain":78,"player_choice":"Gained Gold","damage_taken":0,"max_hp_gain":0,"max_hp_loss":0,"event_name":"Golden Wing","floor":3,"gold_loss":0},{"damage_healed":0,"gold_gain":0,"player_choice":"Cursed","damage_taken":0,"max_hp_gain":0,"max_hp_loss":0,"event_name":"Wheel of Change","floor":4,"gold_loss":0,"cards_obtained":["Decay"]}],"is_beta":false,"boss_relics":[],"items_purged_floors":[],"is_endless":false,"potions_floor_spawned":[2,8,14],"killed_by":"Slime Boss","ascension_level":20}