{"gold_per_floor":[19,35,35,35,49,49,77,77,77,109,126,138,55,74,74,151,151,161,7,22,38,55,84,95,95,95,95,128,128,159,174,174,174],"floor_reached":33,"playtime":2326,"items_purged":["Strike_R"],"score":663,"play_id":"3a358532-73f0-42f7-bd4d-5521dc017874","local_time":"20201115122839","is_ascension_mode":true,"campfire_choices":[{"data":"Carnage","floor":6.0,"key":"SMITH"},{"data":"Fiend Fire","floor":8,"key":"SMITH"},{"data":"Inflame","floor":15,"key":"SMITH"},{"data":"Feed","floor":25,"key":"SMITH"},{"data":"Disarm","floor":27,"key":"SMITH"},{"data":"Disarm","floor":32,"key":"SMITH"}],"neow_cost":"NO_GOLD","seed_source_timestamp":2642681197547300,"circlet_count":0,"master_deck":["AscendersBane","Strike_R","Strike_R","Strike_R","Defend_R","Defend_R","Defend_R","Defend_R","Bash","Reaper","Armaments","Carnage+1","Feel No Pain","Fiend Fire+1","Disarm+1","Disarm+1","Disarm","Inflame+1","Battle Trance","Feed+1","Flame Barrier","Shockwave","Burning Pact","Flame Barrier","Shockwave+1","Ghostly Armor","Battle Trance","Impervious"],"special_seed":0,"relics":["Burning Blood","Pen Nib","Meat on the Bone","HornCleat","Philosopher\u0027s Stone","Blood Vial","Question Card","Smiling Mask","FaceOfCleric","Ancient Tea Set"],"potions_floor_usage":[7,10,18,23,30,33],"damage_taken":[{"damage":20.0,"enemies":"Small Slimes","floor":1.0,"turns":6.0},{"damage":3.0,"enemies":"2 Louse","floor":2.0,"turns":3.0},{"damage":1.0,"enemies":"Cultist","floor":5.0,"turns":4.0},{"damage":45,"enemies":"Lagavulin","floor":7,"turns":6},{"damage":8,"enemies":"Gremlin Nob","floor":10,"turns":3},{"damage":9,"enemies":"3 Louse","floor":11,"turns":3},{"damage":6,"enemies":"Looter","floor":12,"turns":4},{"damage":7,"enemies":"2 Fungi Beasts","floor":14,"turns":3},{"damage":3,"enemies":"The Guardian","floor":16,"turns":9},{"damage":24,"enemies":"3 Byrds","floor":18,"turns":5},{"damage":18,"enemies":"Shell Parasite","floor":20,"turns":8},{"damage":12,"enemies":"Sentry and Sphere","floor":21,"turns":4},{"damage":18,"enemies":"3 Cultists","floor":22,"turns":5},{"damage":9,"enemies":"Book of Stabbing","floor":23,"turns":7},{"damage":0,"enemies":"Snake Plant","floor":24,"turns":8},{"damage":40,"enemies":"Gremlin Leader","floor":28,"turns":6},{"damage":48,"enemies":"Slavers","floor":30,"turns":13},{"damage":0,"enemies":"Centurion and Healer","floor":31,"turns":4},{"damage":82,"enemies":"Collector","floor":33,"turns":12}],"seed_played":"-6528165501801051889","potions_obtained":[{"floor":5.0,"key":"Fire Potion"},{"floor":7,"key":"Strength Potion"},{"floor":11,"key":"Explosive Potion"},{"floor":12,"key":"PowerPotion"},{"floor":20,"key":"FearPotion"},{"floor":28,"key":"Ancient Potion"},{"floor":31,"key":"SpeedPotion"}],"is_trial":false,"path_per_floor":["M","M","$","?","M","R","E","R","T","E","M","M","$","M","R","B",null,"M","$","M","M","M","E","M","R","T","R","E","?","E","M","R","B"],"character_chosen":"IRONCLAD","items_purchased":["Inflame","Shockwave"],"campfire_rested":0,"item_purchase_floors":[13,19],"current_hp_per_floor":[60,69,69,62,67,67,36,36,36,52,49,49,49,56,56,59,71,60,60,63,61,72,72,90,90,90,90,56,56,47,60,60,0],"gold":174,"neow_bonus":"THREE_RARE_CARDS","is_prod":false,"is_daily":false,"chose_seed":false,"campfire_upgraded":6,"win_rate":0,"timestamp":1605464919,"path_taken":["M","M","$","?","M","R","E","R","T","E","M","M","$","M","R","BOSS","M","$","M","M","M","E","M","R","T","R","E","?","E","M","R","BOSS"],"build_version":"2020-07-30","purchased_purges":1,"victory":false,"max_hp_per_floor":[75,75,75,75,75,75,75,75,75,75,75,75,75,75,75,75,75,78,78,81,81,84,87,90,90,90,90,90,90,95,100,100,100],"card_choices":[{"not_picked":["Brutality","Bludgeon"],"picked":"Reaper","floor":0.0},{"not_picked":["Flex","Thunderclap"],"picked":"Armaments","floor":1.0},{"not_picked":["Thunderclap","Sword Boomerang"],"picked":"Carnage","floor":2.0},{"not_picked":["Twin Strike","Ghostly Armor"],"picked":"Feel No Pain","floor":5.0},{"not_picked":["Warcry","Infernal Blade"],"picked":"Fiend Fire","floor":7},{"not_picked":["Body Slam","Thunderclap"],"picked":"Disarm","floor":10},{"not_picked":["Pommel Strike","Intimidate"],"picked":"Disarm","floor":11},{"not_picked":["Body Slam","Clash"],"picked":"Disarm","floor":12},{"not_picked":["Clothesline","Perfected Strike"],"picked":"Battle Trance","floor":14},{"not_picked":["Impervious","Juggernaut"],"picked":"Feed","floor":16},{"not_picked":["Clash","Havoc+1"],"picked":"Flame Barrier","floor":18},{"not_picked":["Thunderclap","Havoc"],"picked":"Burning Pact","floor":20},{"not_picked":["Iron Wave","Armaments+1"],"picked":"Flame Barrier","floor":21},{"not_picked":["Iron Wave","Sword Boomerang+1","Havoc+1"],"picked":"SKIP","floor":22},{"not_picked":["Dark Embrace","Clash"],"picked":"Shockwave+1","floor":23},{"not_picked":["Flex","Body Slam"],"picked":"Ghostly Armor","floor":24},{"not_picked":["Sword Boomerang+1","True Grit","Pommel Strike"],"picked":"Battle Trance","floor":28},{"not_picked":["Iron Wave+1","Warcry","Dark Embrace","Clash"],"picked":"SKIP","floor":30},{"not_picked":["Battle Trance","Dual Wield","Wild Strike"],"picked":"Impervious","floor":31}],"player_experience":1201261,"relics_obtained":[{"floor":7,"key":"Pen Nib"},{"floor":9,"key":"Meat on the Bone"},{"floor":10,"key":"HornCleat"},{"floor":23,"key":"Blood Vial"},{"floor":26,"key":"Question Card"},{"floor":28,"key":"Smiling Mask"},{"floor":30,"key":"Ancient Tea Set"}],"event_choices":[{"cards_removed":["Strike_R"],"damage_healed":0.0,"max_hp_gain":0.0,"max_hp_loss":0.0,"gold_gain":0.0,"event_name":"Golden Wing","player_choice":"Card Removal","floor":4.0,"gold_loss":0.0,"damage_taken":7.0},{"damage_healed":0,"gold_gain":0,"player_choice":"Trade","damage_taken":0,"relics_obtained":["FaceOfCleric"],"max_hp_gain":0,"max_hp_loss":0,"event_name":"FaceTrader","floor":29,"gold_loss":0}],"is_beta":false,"boss_relics":[{"not_picked":["Empty Cage","Pandora\u0027s Box"],"picked":"Philosopher\u0027s Stone"}],"items_purged_floors":[19],"is_endless":false,"potions_floor_spawned":[5,7,11,12,20,21,28,31],"killed_by":"Collector","ascension_level":20}