{"gold_per_floor":[117,117,130,148,148,148,178,191,242,273,286,317,317,328,328,403,403,416,29,43,43,55,55,84,84,108,108,108],"floor_reached":28,"playtime":1634,"items_purged":["Whirlwind"],"score":516,"play_id":"21e5d09e-e108-43b6-a85f-f1b5e052c72e","local_time":"20201116164021","is_ascension_mode":true,"campfire_choices":[{"data":"Wild Strike","floor":6,"key":"SMITH"},{"data":"Wild Strike","floor":13,"key":"SMITH"},{"data":"Anger","floor":15,"key":"SMITH"},{"data":"Barricade","floor":23,"key":"SMITH"},{"floor":25,"key":"REST"},{"data":"Entrench","floor":27,"key":"SMITH"}],"neow_cost":"NONE","seed_source_timestamp":2744917169555500,"circlet_count":0,"master_deck":["AscendersBane","Bash+1","Wild Strike+1","Anger+1","Metallicize","True Grit","Wild Strike+1","Feed","Barricade+1","Searing Blow","Seeing Red+1","Brutality","Reaper","Dark Embrace","Searing Blow","Flame Barrier","Immolate","Shrug It Off","True Grit+1","Armaments","Shrug It Off+1","Entrench+1","Disarm"],"relics":["Burning Blood","InkBottle","Orichalcum","Blood Vial","Bronze Scales","Pandora\u0027s Box","Membership Card","Ancient Tea Set","War Paint"],"potions_floor_usage":[8,10,20,24],"damage_taken":[{"damage":3,"enemies":"2 Louse","floor":1,"turns":3},{"damage":9,"enemies":"Jaw Worm","floor":3,"turns":3},{"damage":0,"enemies":"Cultist","floor":4,"turns":2},{"damage":35,"enemies":"Lagavulin","floor":7,"turns":5},{"damage":9,"enemies":"Lots of Slimes","floor":8,"turns":6},{"damage":2,"enemies":"Gremlin Nob","floor":10,"turns":3},{"damage":14,"enemies":"Gremlin Gang","floor":11,"turns":5},{"damage":25,"enemies":"Lagavulin","floor":12,"turns":5},{"damage":8,"enemies":"Large Slime","floor":14,"turns":5},{"damage":18,"enemies":"Hexaghost","floor":16,"turns":8},{"damage":29,"enemies":"2 Thieves","floor":18,"turns":4},{"damage":13,"enemies":"Spheric Guardian","floor":20,"turns":7},{"damage":25,"enemies":"Chosen and Byrds","floor":22,"turns":6},{"damage":61,"enemies":"Gremlin Leader","floor":24,"turns":10},{"damage":37,"enemies":"Book of Stabbing","floor":28,"turns":6}],"seed_played":"-6472445839404172166","potions_obtained":[{"floor":1,"key":"DistilledChaos"},{"floor":4,"key":"Block Potion"},{"floor":7,"key":"LiquidMemories"},{"floor":8,"key":"BloodPotion"},{"floor":20,"key":"GamblersBrew"},{"floor":22,"key":"Ancient Potion"}],"is_trial":false,"path_per_floor":["M","?","M","M","?","R","E","M","T","E","M","E","R","M","R","B",null,"M","$","M","$","M","R","E","R","T","R","E"],"character_chosen":"IRONCLAD","items_purchased":["Membership Card","Ancient Tea Set","True Grit","Fruit Juice","Armaments"],"campfire_rested":1,"item_purchase_floors":[19,19,19,19,19],"current_hp_per_floor":[78,78,75,81,81,81,52,49,49,53,47,30,30,30,30,20,67,57,57,57,57,43,43,8,35,35,35,0],"gold":108,"neow_bonus":"TEN_PERCENT_HP_BONUS","is_prod":false,"is_daily":false,"chose_seed":false,"campfire_upgraded":5,"win_rate":0,"timestamp":1605566421,"path_taken":["M","?","M","M","?","R","E","?","T","E","M","E","R","M","R","BOSS","M","$","M","?","M","R","E","R","T","R","E"],"build_version":"2020-07-30","purchased_purges":1,"victory":false,"max_hp_per_floor":[82,82,82,82,82,82,82,82,82,82,82,82,82,82,82,82,82,85,85,90,90,93,93,93,93,93,93,93],"card_choices":[{"not_picked":["Anger","Warcry"],"picked":"Wild Strike","floor":1},{"not_picked":["Second Wind","Heavy Blade"],"picked":"Anger","floor":3},{"not_picked":["Perfected Strike","Havoc","Heavy Blade"],"picked":"SKIP","floor":4},{"not_picked":["Reckless Charge","Havoc"],"picked":"Metallicize","floor":7},{"not_picked":["Exhume","Armaments"],"picked":"True Grit","floor":8},{"not_picked":["Iron Wave","Searing Blow","Havoc"],"picked":"SKIP","floor":10},{"not_picked":["Body Slam","Heavy Blade","Sever Soul"],"picked":"SKIP","floor":11},{"not_picked":["Perfected Strike","Iron Wave"],"picked":"Wild Strike","floor":12},{"not_picked":["Disarm","Warcry"],"picked":"Feed","floor":14},{"not_picked":["Double Tap","Juggernaut"],"picked":"Barricade","floor":16},{"not_picked":["Body Slam","Pommel Strike"],"picked":"Shrug It Off","floor":18},{"not_picked":["Flame Barrier","Intimidate"],"picked":"Shrug It Off+1","floor":20},{"not_picked":["Clash","Feel No Pain"],"picked":"Entrench","floor":22},{"not_picked":["Warcry","Evolve"],"picked":"Disarm","floor":24}],"player_experience":1211556,"relics_obtained":[{"floor":7,"key":"InkBottle"},{"floor":9,"key":"Orichalcum"},{"floor":10,"key":"Blood Vial"},{"floor":12,"key":"Bronze Scales"},{"floor":24,"key":"War Paint"}],"event_choices":[{"damage_healed":0,"gold_gain":0,"player_choice":"Ignored","damage_taken":0,"max_hp_gain":0,"max_hp_loss":0,"event_name":"Liars Game","floor":2,"gold_loss":0},{"damage_healed":0,"gold_gain":0,"player_choice":"Forge","damage_taken":0,"max_hp_gain":0,"max_hp_loss":0,"event_name":"Accursed Blacksmith","floor":5,"gold_loss":0,"cards_upgraded":["Bash"]}],"is_beta":false,"boss_relics":[{"not_picked":["Empty Cage","Black Star"],"picked":"Pandora\u0027s Box"}],"items_purged_floors":[19],"is_endless":false,"potions_floor_spawned":[1,4,7,8,20,22],"killed_by":"Book of Stabbing","ascension_level":20}