{"gold_per_floor":[119,39,50,60,60,60,95,95,95,128,128],"floor_reached":11,"playtime":603,"items_purged":[],"score":162,"play_id":"8451b137-d7a4-4259-a2a1-f62b16976054","local_time":"20201114111022","is_ascension_mode":true,"campfire_choices":[{"data":"Bash","floor":6,"key":"SMITH"}],"neow_cost":"NONE","seed_source_timestamp":2553345230889300,"circlet_count":0,"master_deck":["AscendersBane","Strike_R+1","Strike_R","Strike_R","Strike_R","Strike_R","Defend_R","Defend_R","Defend_R","Defend_R+1","Bash+1","Spot Weakness","Disarm","Twin Strike","Wild Strike","Sword Boomerang+1","Armaments"],"relics":["Runic Pyramid","Molten Egg 2","PreservedInsect","Centennial Puzzle"],"potions_floor_usage":[7,10],"damage_taken":[{"damage":1,"enemies":"Small Slimes","floor":1,"turns":4},{"damage":2,"enemies":"Jaw Worm","floor":3,"turns":4},{"damage":3,"enemies":"2 Louse","floor":4,"turns":4},{"damage":36,"enemies":"Gremlin Nob","floor":7,"turns":4},{"damage":10,"enemies":"3 Sentries","floor":10,"turns":3},{"damage":0,"enemies":"Red Slaver","floor":11,"turns":1}],"seed_played":"-4375011790103503210","potions_obtained":[{"floor":3,"key":"Regen Potion"},{"floor":7,"key":"PowerPotion"},{"floor":10,"key":"CultistPotion"}],"is_trial":false,"path_per_floor":["M","$","M","M","?","R","E","?","T","E","M"],"character_chosen":"IRONCLAD","items_purchased":["Disarm"],"campfire_rested":0,"item_purchase_floors":[2],"current_hp_per_floor":[67,67,65,62,39,39,12,12,12,2,2],"gold":128,"neow_bonus":"BOSS_RELIC","is_prod":false,"is_daily":false,"chose_seed":false,"campfire_upgraded":1,"win_rate":0,"timestamp":1605373822,"path_taken":["M","$","M","M","?","R","E","?","T","E","?"],"build_version":"2020-07-30","purchased_purges":0,"victory":false,"max_hp_per_floor":[75,75,75,75,75,75,75,75,75,75,75],"card_choices":[{"not_picked":["Heavy Blade","Shockwave"],"picked":"Spot Weakness","floor":1},{"not_picked":["Hemokinesis","Heavy Blade"],"picked":"Twin Strike","floor":3},{"not_picked":["Shrug It Off","Thunderclap"],"picked":"Wild Strike","floor":4},{"not_picked":["Disarm","Intimidate"],"picked":"Sword Boomerang+1","floor":7},{"not_picked":["Bloodletting","Heavy Blade+1"],"picked":"Armaments","floor":10}],"player_experience":1195450,"relics_obtained":[{"floor":7,"key":"Molten Egg 2"},{"floor":9,"key":"PreservedInsect"},{"floor":10,"key":"Centennial Puzzle"}],"event_choices":[{"damage_healed":0,"gold_gain":0,"player_choice":"Entered Light","damage_taken":23,"max_hp_gain":0,"max_hp_loss":0,"event_name":"Shining Light","floor":5,"gold_loss":0,"cards_upgraded":["Strike_R","Defend_R"]},{"damage_healed":0,"gold_gain":0,"player_choice":"Ignored","damage_taken":0,"max_hp_gain":0,"max_hp_loss":0,"event_name":"Liars Game","floor":8,"gold_loss":0}],"is_beta":false,"boss_relics":[],"items_purged_floors":[],"is_endless":false,"potions_floor_spawned":[3,7,10],"killed_by":"Red Slaver","ascension_level":20}