{"gold_per_floor":[218,237,11,25,25,25,60,78,104,104,120,148,73,88,88,161,161,177,177,59,78,93,120,120,131,131,131,131,131,163,176,176,176],"floor_reached":33,"playtime":1458,"items_purged":["Strike_R"],"score":619,"play_id":"56694b88-b9c2-4ac1-8e02-085913694c8f","local_time":"20201120184629","is_ascension_mode":true,"campfire_choices":[{"data":"Immolate","floor":6.0,"key":"SMITH"},{"data":"Bash","floor":10.0,"key":"SMITH"},{"data":"True Grit","floor":15.0,"key":"SMITH"},{"data":"Feed","floor":24,"key":"SMITH"},{"data":"Hemokinesis","floor":27,"key":"SMITH"},{"data":"Flame Barrier","floor":29,"key":"SMITH"},{"data":"Pommel Strike","floor":32,"key":"SMITH"}],"neow_cost":"NONE","seed_source_timestamp":3098157725918600,"circlet_count":0,"master_deck":["AscendersBane","Strike_R","Strike_R","Strike_R","Defend_R","Defend_R","Defend_R","Defend_R","Bash+1","Hemokinesis+1","Feel No Pain","Immolate+1","Anger","Shrug It Off","Flame Barrier+1","True Grit+1","Feed+1","Shockwave","Battle Trance","Impervious","Pommel Strike+1"],"special_seed":0,"relics":["Burning Blood","Potion Belt","Happy Flower","Strawberry","Anchor","Velvet Choker","Dream Catcher","Incense Burner","MutagenicStrength","MealTicket"],"potions_floor_usage":[22,23,33,33],"damage_taken":[{"damage":2.0,"enemies":"Cultist","floor":1.0,"turns":4.0},{"damage":10.0,"enemies":"Small Slimes","floor":2.0,"turns":3.0},{"damage":0.0,"enemies":"2 Louse","floor":4.0,"turns":1.0},{"damage":11.0,"enemies":"Gremlin Nob","floor":7.0,"turns":3.0},{"damage":0.0,"enemies":"Exordium Wildlife","floor":8.0,"turns":2.0},{"damage":6.0,"enemies":"Large Slime","floor":11.0,"turns":3.0},{"damage":27.0,"enemies":"Lagavulin","floor":12.0,"turns":6.0},{"damage":3.0,"enemies":"Red Slaver","floor":14.0,"turns":2.0},{"damage":37.0,"enemies":"The Guardian","floor":16.0,"turns":10.0},{"damage":15.0,"enemies":"Chosen","floor":18.0,"turns":3.0},{"damage":0,"enemies":"3 Byrds","floor":21,"turns":2},{"damage":5,"enemies":"3 Cultists","floor":22,"turns":3},{"damage":8,"enemies":"Slavers","floor":23,"turns":5},{"damage":18,"enemies":"Snake Plant","floor":25,"turns":4},{"damage":6,"enemies":"Gremlin Leader","floor":30,"turns":7},{"damage":0,"enemies":"Centurion and Healer","floor":31,"turns":8},{"damage":59,"enemies":"Automaton","floor":33,"turns":8}],"seed_played":"2917745426986085741","potions_obtained":[{"floor":2.0,"key":"Strength Potion"},{"floor":8.0,"key":"ColorlessPotion"},{"floor":11.0,"key":"Swift Potion"},{"floor":16.0,"key":"Fire Potion"},{"floor":22,"key":"EssenceOfSteel"},{"floor":23,"key":"SteroidPotion"},{"floor":30,"key":"LiquidMemories"}],"is_trial":false,"path_per_floor":["M","M","$","M","?","R","E","M","T","R","M","E","?","M","R","B",null,"M","?","$","M","M","E","R","M","T","R","?","R","E","M","R","B"],"character_chosen":"IRONCLAD","items_purchased":["Immolate","Shockwave","Battle Trance"],"campfire_rested":0,"item_purchase_floors":[3,20,20],"current_hp_per_floor":[72,68,68,74,63,63,58,64,71,71,71,50,50,53,53,22,67,61,61,61,70,74,75,75,67,67,67,67,67,67,77,77,18],"gold":176,"neow_bonus":"HUNDRED_GOLD","is_prod":false,"is_daily":false,"chose_seed":false,"campfire_upgraded":7,"win_rate":0,"timestamp":1605919589,"path_taken":["M","?","$","M","?","R","E","M","T","R","M","E","?","M","R","BOSS","M","?","$","M","M","E","R","M","T","R","?","R","E","M","R","BOSS"],"build_version":"2020-07-30","purchased_purges":1,"victory":false,"max_hp_per_floor":[75,75,75,75,75,75,75,75,82,82,82,82,82,82,82,82,82,85,85,85,88,91,94,94,98,98,98,98,98,98,102,102,102],"card_choices":[{"not_picked":["Havoc","Spot Weakness"],"picked":"Hemokinesis","floor":1.0},{"not_picked":["Dual Wield","Thunderclap"],"picked":"Feel No Pain","floor":2.0},{"not_picked":["Body Slam","Flex","Reckless Charge"],"picked":"SKIP","floor":4.0},{"not_picked":["Perfected Strike","Warcry"],"picked":"Anger","floor":7.0},{"not_picked":["Clothesline","Dropkick","Flex"],"picked":"SKIP","floor":8.0},{"not_picked":["Havoc","Metallicize"],"picked":"Shrug It Off","floor":11.0},{"not_picked":["Feel No Pain","Exhume"],"picked":"Flame Barrier","floor":12.0},{"not_picked":["Clash","Pommel Strike"],"picked":"True Grit","floor":14.0},{"not_picked":["Demon Form","Bludgeon"],"picked":"Feed","floor":16.0},{"not_picked":["Cleave","Sword Boomerang","Flex+1"],"picked":"SKIP","floor":18.0},{"not_picked":["Rage+1","Heavy Blade","Thunderclap"],"picked":"SKIP","floor":21},{"not_picked":["Body Slam","Clothesline","Sword Boomerang"],"picked":"SKIP","floor":22},{"not_picked":["Armaments","Shrug It Off+1"],"picked":"Impervious","floor":23},{"not_picked":["Dual Wield","Thunderclap+1","Flex"],"picked":"SKIP","floor":25},{"not_picked":["Metallicize","Heavy Blade"],"picked":"Pommel Strike","floor":30},{"not_picked":["Anger","Whirlwind","Cleave"],"picked":"SKIP","floor":31}],"player_experience":1234691,"relics_obtained":[{"floor":7.0,"key":"Happy Flower"},{"floor":9.0,"key":"Strawberry"},{"floor":12.0,"key":"Anchor"},{"floor":23,"key":"Dream Catcher"},{"floor":26,"key":"Incense Burner"},{"floor":30,"key":"MealTicket"}],"event_choices":[{"damage_healed":0.0,"max_hp_gain":0.0,"max_hp_loss":0.0,"gold_gain":0.0,"event_name":"Scrap Ooze","player_choice":"Success","floor":5.0,"gold_loss":0.0,"damage_taken":11.0,"relics_obtained":["Potion Belt"]},{"cards_removed":["Strike_R"],"damage_healed":0.0,"max_hp_gain":0.0,"max_hp_loss":0.0,"gold_gain":0.0,"event_name":"The Cleric","player_choice":"Card Removal","floor":13.0,"gold_loss":75.0,"damage_taken":0.0},{"damage_healed":0,"gold_gain":0,"player_choice":"Inject Mutagens","damage_taken":0,"relics_obtained":["MutagenicStrength"],"max_hp_gain":0,"max_hp_loss":0,"event_name":"Drug Dealer","floor":28,"gold_loss":0}],"is_beta":false,"boss_relics":[{"not_picked":["SlaversCollar","Tiny House"],"picked":"Velvet Choker"}],"items_purged_floors":[3],"is_endless":false,"potions_floor_spawned":[2,8,11,16,22,23,30],"killed_by":"Automaton","ascension_level":20}