{"gold_per_floor":[119,136,156,167,167,200,200,213,267,288,326,326,364,377,377,468,468,489,489],"floor_reached":19,"playtime":1145,"items_purged":[],"score":382,"play_id":"e3c95e4a-15cb-4661-9dd9-aa2b5f787628","local_time":"20201115015118","is_ascension_mode":true,"campfire_choices":[{"data":"Intimidate","floor":12.0,"key":"SMITH"},{"data":"Perfected Strike","floor":15.0,"key":"SMITH"}],"neow_cost":"NONE","seed_source_timestamp":0,"circlet_count":0,"master_deck":["AscendersBane","Strike_R","Strike_R","Strike_R","Strike_R","Strike_R","Defend_R","Defend_R","Defend_R","Defend_R","Bash","Shrug It Off","Twin Strike","Sword Boomerang","Ghostly Armor","Twin Strike","Intimidate+1","Offering","Battle Trance","Perfected Strike+1","Demon Form","Cleave"],"special_seed":0,"relics":["Black Blood","Golden Idol","Juzu Bracelet","Bag of Preparation","Mercury Hourglass","Nunchaku"],"potions_floor_usage":[],"damage_taken":[{"damage":1.0,"enemies":"Cultist","floor":1.0,"turns":3.0},{"damage":10.0,"enemies":"2 Louse","floor":2.0,"turns":4.0},{"damage":0.0,"enemies":"Jaw Worm","floor":3.0,"turns":5.0},{"damage":17.0,"enemies":"Gremlin Gang","floor":4.0,"turns":5.0},{"damage":54.0,"enemies":"Gremlin Nob","floor":6.0,"turns":5.0},{"damage":13.0,"enemies":"Exordium Wildlife","floor":8.0,"turns":5.0},{"damage":1.0,"enemies":"Exordium Thugs","floor":10.0,"turns":7.0},{"damage":30.0,"enemies":"3 Sentries","floor":11.0,"turns":9.0},{"damage":14.0,"enemies":"Gremlin Nob","floor":13.0,"turns":3.0},{"damage":0.0,"enemies":"2 Fungi Beasts","floor":14.0,"turns":2.0},{"damage":31.0,"enemies":"Hexaghost","floor":16.0,"turns":9.0},{"damage":9.0,"enemies":"2 Thieves","floor":18.0,"turns":4.0},{"damage":0,"enemies":"Shell Parasite","floor":19,"turns":1}],"seed_played":"-2236017604447542096","potions_obtained":[{"floor":1.0,"key":"ElixirPotion"},{"floor":3.0,"key":"Fire Potion"},{"floor":8.0,"key":"SmokeBomb"},{"floor":10.0,"key":"GamblersBrew"},{"floor":11.0,"key":"Ancient Potion"},{"floor":13.0,"key":"SkillPotion"},{"floor":16.0,"key":"EssenceOfSteel"}],"is_trial":false,"path_per_floor":["M","M","M","M","?","E","?","M","T","M","E","R","E","M","R","B",null,"M","M"],"character_chosen":"IRONCLAD","items_purchased":[],"campfire_rested":0,"item_purchase_floors":[],"current_hp_per_floor":[80,76,82,71,71,23,74,67,67,72,48,48,40,46,46,21,61,64,64],"gold":489,"neow_bonus":"TEN_PERCENT_HP_BONUS","is_prod":false,"is_daily":false,"chose_seed":false,"campfire_upgraded":2,"win_rate":0,"timestamp":1605426678,"path_taken":["M","M","M","M","?","E","?","M","T","M","E","R","E","M","R","BOSS","M","M"],"build_version":"2020-07-30","purchased_purges":0,"victory":false,"max_hp_per_floor":[82,82,82,82,74,74,74,74,74,74,74,74,74,74,74,74,74,74,74],"card_choices":[{"not_picked":["Ghostly Armor","Pommel Strike"],"picked":"Shrug It Off","floor":1.0},{"not_picked":["Perfected Strike","Flex"],"picked":"Twin Strike","floor":2.0},{"not_picked":["Havoc","Body Slam"],"picked":"Sword Boomerang","floor":3.0},{"not_picked":["Headbutt","Flame Barrier"],"picked":"Combust","floor":4.0},{"not_picked":["Twin Strike","Infernal Blade"],"picked":"Ghostly Armor","floor":6.0},{"not_picked":["Clash","Warcry"],"picked":"Twin Strike","floor":8.0},{"not_picked":["Flex","Shrug It Off"],"picked":"Intimidate","floor":10.0},{"not_picked":["Sentinel","Rampage"],"picked":"Offering","floor":11.0},{"not_picked":["Uppercut","Thunderclap"],"picked":"Battle Trance","floor":13.0},{"not_picked":["Twin Strike","True Grit"],"picked":"Perfected Strike","floor":14.0},{"not_picked":["Limit Break","Bludgeon"],"picked":"Demon Form","floor":16.0},{"not_picked":["Rampage","Pummel"],"picked":"Cleave","floor":18.0}],"player_experience":1196053,"relics_obtained":[{"floor":6.0,"key":"Juzu Bracelet"},{"floor":9.0,"key":"Bag of Preparation"},{"floor":11.0,"key":"Mercury Hourglass"},{"floor":13.0,"key":"Nunchaku"}],"event_choices":[{"damage_healed":0.0,"max_hp_gain":0.0,"max_hp_loss":8.0,"gold_gain":0.0,"event_name":"Golden Idol","player_choice":"Lose Max HP","floor":5.0,"gold_loss":0.0,"damage_taken":0.0,"relics_obtained":["Golden Idol"]},{"cards_removed":["Combust"],"damage_healed":51.0,"max_hp_gain":0.0,"max_hp_loss":0.0,"gold_gain":0.0,"event_name":"Bonfire Elementals","player_choice":"Offered Uncommon","floor":7.0,"gold_loss":0.0,"damage_taken":0.0}],"is_beta":false,"boss_relics":[{"not_picked":["Runic Pyramid","Calling Bell"],"picked":"Black Blood"}],"items_purged_floors":[],"is_endless":false,"potions_floor_spawned":[1,3,8,10,11,13,16,18],"killed_by":"Shell Parasite","ascension_level":20}