{"gold_per_floor":[219,244,34,51,51,79,79,96,169,183,240,259,259,294,294,368,368,385,404,404,404,423,423,449,411,448,59,71,90,125,137,137,210,210,229,249,264,282,302,302,330,330,330,330,364,379,31,47,47,47,47,47,47,47,75,75],"floor_reached":56,"playtime":3526,"items_purged":[],"score":2122,"play_id":"a4228b59-234d-48e2-be35-ba0cc8e64df2","local_time":"20201118202135","is_ascension_mode":true,"campfire_choices":[{"data":"Bash","floor":7.0,"key":"SMITH"},{"data":"Whirlwind","floor":13.0,"key":"SMITH"},{"data":"Intimidate","floor":15.0,"key":"SMITH"},{"data":"Barricade","floor":23.0,"key":"SMITH"},{"data":"Body Slam","floor":32.0,"key":"SMITH"},{"floor":40.0,"key":"RECALL"},{"floor":42.0,"key":"REST"},{"floor":49.0,"key":"REST"},{"floor":53.0,"key":"REST"}],"neow_cost":"NONE","seed_source_timestamp":2928792838617600,"circlet_count":0,"master_deck":["AscendersBane","Strike_R+1","Strike_R+1","Strike_R+1","Strike_R+1","Strike_R+1","Defend_R+1","Defend_R+1","Defend_R+1","Defend_R+1","Bash+1","Inflame+1","Reaper","Intimidate+1","Power Through+1","Entrench+1","Whirlwind+1","Anger","Shrug It Off+1","Barricade+1","Pommel Strike+1","Battle Trance+1","RitualDagger+1","Battle Trance+1","Reaper","Body Slam+1","Impervious+1","Dual Wield+1","Entrench+1","Shrug It Off+1","Burning Pact+1","Dark Shackles+1","Finesse+1","Limit Break+1","Offering+1"],"special_seed":0,"relics":["Burning Blood","Toy Ornithopter","Toxic Egg 2","Shuriken","CaptainsWheel","StoneCalendar","Runic Dome","MawBank","Akabeko","Anchor","ClockworkSouvenir","PreservedInsect","Fusion Hammer","Pen Nib","Blood Vial","Kunai","Boot"],"potions_floor_usage":[56],"damage_taken":[{"damage":7.0,"enemies":"Cultist","floor":1.0,"turns":4.0},{"damage":11.0,"enemies":"Jaw Worm","floor":4.0,"turns":6.0},{"damage":35.0,"enemies":"3 Sentries","floor":6.0,"turns":7.0},{"damage":0.0,"enemies":"2 Louse","floor":8.0,"turns":2.0},{"damage":9.0,"enemies":"Looter","floor":10.0,"turns":4.0},{"damage":15.0,"enemies":"3 Sentries","floor":11.0,"turns":7.0},{"damage":3.0,"enemies":"Blue Slaver","floor":12.0,"turns":4.0},{"damage":32.0,"enemies":"Lagavulin","floor":14.0,"turns":7.0},{"damage":40.0,"enemies":"Hexaghost","floor":16.0,"turns":9.0},{"damage":18.0,"enemies":"3 Byrds","floor":18.0,"turns":4.0},{"damage":22.0,"enemies":"2 Thieves","floor":19.0,"turns":3.0},{"damage":0.0,"enemies":"3 Cultists","floor":22.0,"turns":7.0},{"damage":45.0,"enemies":"Slavers","floor":24.0,"turns":7.0},{"damage":14.0,"enemies":"Snake Plant","floor":28.0,"turns":3.0},{"damage":20.0,"enemies":"Shelled Parasite and Fungi","floor":29.0,"turns":4.0},{"damage":21.0,"enemies":"Book of Stabbing","floor":30.0,"turns":4.0},{"damage":0.0,"enemies":"Centurion and Healer","floor":31.0,"turns":4.0},{"damage":8.0,"enemies":"Automaton","floor":33.0,"turns":7.0},{"damage":0.0,"enemies":"3 Darklings","floor":35.0,"turns":1.0},{"damage":0.0,"enemies":"3 Shapes","floor":36.0,"turns":2.0},{"damage":0.0,"enemies":"Maw","floor":37.0,"turns":5.0},{"damage":0.0,"enemies":"Transient","floor":38.0,"turns":6.0},{"damage":0.0,"enemies":"3 Darklings","floor":39.0,"turns":3.0},{"damage":28.0,"enemies":"Giant Head","floor":41.0,"turns":6.0},{"damage":0.0,"enemies":"Reptomancer","floor":45.0,"turns":7.0},{"damage":0.0,"enemies":"Jaw Worm Horde","floor":46.0,"turns":4.0},{"damage":0.0,"enemies":"4 Shapes","floor":48.0,"turns":4.0},{"damage":0.0,"enemies":"Awakened One","floor":50.0,"turns":7.0},{"damage":12.0,"enemies":"Donu and Deca","floor":51.0,"turns":8.0},{"damage":1.0,"enemies":"Shield and Spear","floor":55.0,"turns":6.0},{"damage":144,"enemies":"The Heart","floor":56,"turns":12}],"seed_played":"1082840811890857501","potions_obtained":[{"floor":1.0,"key":"Fire Potion"},{"floor":8.0,"key":"ColorlessPotion"},{"floor":10.0,"key":"Weak Potion"},{"floor":12.0,"key":"EntropicBrew"},{"floor":19.0,"key":"FearPotion"},{"floor":28.0,"key":"Fire Potion"},{"floor":31.0,"key":"Energy Potion"},{"floor":38.0,"key":"Strength Potion"},{"floor":46.0,"key":"FairyPotion"},{"floor":48.0,"key":"Swift Potion"},{"floor":55.0,"key":"FearPotion"}],"is_trial":false,"path_per_floor":["M","T","$","M","?","E","R","M","T","M","?","M","R","E","R","B",null,"M","M","?","?","M","R","E","?","T","$","M","M","E","M","R","B",null,"M","M","M","M","M","R","E","R","T","?","E","M","$","M","R","B","B",null,"R","$","E","B"],"character_chosen":"IRONCLAD","items_purchased":["Reaper","Fire Potion","Reaper","Anchor","ClockworkSouvenir","Kunai","Limit Break+1"],"campfire_rested":3,"item_purchase_floors":[3,3,27,27,27,47,47],"current_hp_per_floor":[67,67,67,68,45,42,42,55,55,52,69,75,75,54,54,33,65,65,57,57,51,75,75,60,60,60,60,52,53,67,75,75,73,75,75,75,75,75,75,75,56,75,75,65,75,75,75,75,75,75,75,75,75,75,75,0],"gold":75,"neow_bonus":"HUNDRED_GOLD","is_prod":false,"is_daily":false,"chose_seed":false,"campfire_upgraded":5,"win_rate":0,"timestamp":1605752495,"path_taken":["M","?","$","M","?","E","R","M","T","M","?","M","R","E","R","BOSS","M","M","?","?","M","R","E","?","T","$","M","M","E","?","R","BOSS","M","M","M","M","M","R","E","R","T","?","E","M","$","M","R","BOSS","BOSS","R","$","E","BOSS"],"build_version":"2020-07-30","purchased_purges":0,"victory":false,"max_hp_per_floor":[75,75,75,75,75,75,75,75,75,75,75,75,75,75,75,75,75,75,75,75,75,75,75,75,75,75,75,75,75,75,75,75,75,75,75,75,75,75,75,75,75,75,75,75,75,75,75,75,75,75,75,75,75,75,75,75],"card_choices":[{"not_picked":["Combust","Armaments"],"picked":"Inflame","floor":1.0},{"not_picked":["Dual Wield","Warcry"],"picked":"Intimidate","floor":4.0},{"not_picked":["Second Wind+1","Searing Blow"],"picked":"Power Through+1","floor":6.0},{"not_picked":["Armaments+1","Flex+1"],"picked":"Entrench+1","floor":8.0},{"not_picked":["Clash","Infernal Blade+1"],"picked":"Whirlwind","floor":10.0},{"not_picked":["Wild Strike","Rampage"],"picked":"Anger","floor":11.0},{"not_picked":["Clothesline","Body Slam","Warcry+1"],"picked":"SKIP","floor":12.0},{"not_picked":["Sword Boomerang","Warcry+1"],"picked":"Shrug It Off+1","floor":14.0},{"not_picked":["Offering+1","Berserk"],"picked":"Barricade","floor":16.0},{"not_picked":["Clash","Metallicize"],"picked":"Pommel Strike","floor":18.0},{"not_picked":["Havoc+1","Hemokinesis"],"picked":"Battle Trance+1","floor":19.0},{"not_picked":["Cleave","Rage+1"],"picked":"Battle Trance+1","floor":22.0},{"not_picked":["Havoc+1","Flex+1","Thunderclap"],"picked":"SKIP","floor":24.0},{"not_picked":["Iron Wave+1","Combust","Twin Strike"],"picked":"SKIP","floor":28.0},{"not_picked":["Feel No Pain","Headbutt","Warcry+1"],"picked":"SKIP","floor":29.0},{"not_picked":["Clothesline","Second Wind+1"],"picked":"Body Slam","floor":30.0},{"not_picked":["Flex+1","Thunderclap","Headbutt"],"picked":"SKIP","floor":31.0},{"not_picked":["Double Tap+1","Berserk"],"picked":"Impervious+1","floor":33.0},{"not_picked":["Pommel Strike","Warcry+1"],"picked":"Dual Wield+1","floor":35.0},{"not_picked":["Clothesline","Reaper"],"picked":"Entrench+1","floor":36.0},{"not_picked":["Combust+1","Havoc+1","Thunderclap+1"],"picked":"SKIP","floor":37.0},{"not_picked":["Fire Breathing+1","Cleave+1","Havoc+1"],"picked":"SKIP","floor":38.0},{"not_picked":["Iron Wave","Dropkick"],"picked":"Shrug It Off+1","floor":39.0},{"not_picked":["Wild Strike","Demon Form"],"picked":"Burning Pact+1","floor":41.0},{"not_picked":["Mayhem","Sadistic Nature"],"picked":"Dark Shackles+1","floor":44.0},{"not_picked":["Impatience+1","Thinking Ahead+1"],"picked":"Finesse+1","floor":44.0},{"not_picked":["Fire Breathing+1","Flex+1","Clothesline"],"picked":"SKIP","floor":45.0},{"not_picked":["Iron Wave","Perfected Strike","Dropkick"],"picked":"SKIP","floor":46.0},{"not_picked":["Whirlwind+1","Clothesline","Sword Boomerang"],"picked":"SKIP","floor":48.0},{"not_picked":["Clash","Dual Wield+1"],"picked":"Offering+1","floor":55.0}],"player_experience":1223092,"relics_obtained":[{"floor":2.0,"key":"Toy Ornithopter"},{"floor":6.0,"key":"Toxic Egg 2"},{"floor":9.0,"key":"Shuriken"},{"floor":14.0,"key":"StoneCalendar"},{"floor":24.0,"key":"MawBank"},{"floor":26.0,"key":"Akabeko"},{"floor":30.0,"key":"PreservedInsect"},{"floor":41.0,"key":"Pen Nib"},{"floor":45.0,"key":"Blood Vial"},{"floor":55.0,"key":"Boot"}],"event_choices":[{"damage_healed":0.0,"max_hp_gain":0.0,"max_hp_loss":0.0,"gold_gain":0.0,"event_name":"Shining Light","player_choice":"Entered Light","floor":5.0,"gold_loss":0.0,"damage_taken":23.0,"cards_upgraded":["Strike_R","Inflame"]},{"damage_healed":0.0,"max_hp_gain":0.0,"max_hp_loss":0.0,"gold_gain":0.0,"event_name":"Dead Adventurer","player_choice":"Searched \u00272\u0027 times","floor":11.0,"gold_loss":0.0,"damage_taken":0.0,"relics_obtained":["CaptainsWheel"]},{"damage_healed":0.0,"max_hp_gain":0.0,"max_hp_loss":0.0,"gold_gain":0.0,"event_name":"Back to Basics","player_choice":"Simplicity","floor":20.0,"gold_loss":0.0,"damage_taken":0.0,"cards_upgraded":["Strike_R","Strike_R","Strike_R","Strike_R","Defend_R","Defend_R","Defend_R","Defend_R"]},{"damage_healed":0.0,"max_hp_gain":0.0,"max_hp_loss":0.0,"gold_gain":0.0,"event_name":"Nest","player_choice":"Joined the Cult","floor":21.0,"gold_loss":0.0,"damage_taken":6.0,"cards_obtained":["RitualDagger"]},{"damage_healed":0.0,"max_hp_gain":0.0,"max_hp_loss":0.0,"gold_gain":0.0,"event_name":"Designer","player_choice":"Upgraded Two","floor":25.0,"gold_loss":50.0,"damage_taken":0.0,"cards_upgraded":["Pommel Strike","RitualDagger"]},{"damage_healed":0.0,"max_hp_gain":0.0,"max_hp_loss":0.0,"gold_gain":0.0,"event_name":"SensoryStone","player_choice":"Memory 3","floor":44.0,"gold_loss":0.0,"damage_taken":10.0}],"is_beta":false,"boss_relics":[{"not_picked":["SacredBark","SlaversCollar"],"picked":"Runic Dome"},{"not_picked":["Velvet Choker","Calling Bell"],"picked":"Fusion Hammer"}],"items_purged_floors":[],"is_endless":false,"potions_floor_spawned":[1,8,10,12,19,28,31,38,46,48,55],"killed_by":"The Heart","ascension_level":20}