{"gold_per_floor":[113,113,30,44,60,60,73,99,149,177,189,218,258,289,301,313],"floor_reached":16,"playtime":697,"items_purged":[],"score":228,"play_id":"8867b252-f0f0-470d-aeaa-3731cdc92bc9","local_time":"20201117222039","is_ascension_mode":true,"campfire_choices":[{"data":"Carnage","floor":6.0,"key":"SMITH"},{"data":"Spot Weakness","floor":11.0,"key":"SMITH"},{"data":"Flame Barrier","floor":15.0,"key":"SMITH"}],"neow_cost":"NONE","seed_source_timestamp":2852552456458700,"circlet_count":0,"master_deck":["AscendersBane","Strike_R","Strike_R","Strike_R","Strike_R","Strike_R","Defend_R","Defend_R","Defend_R","Defend_R","Bash","Inflame","Flame Barrier+1","Carnage+1","Spot Weakness+1","Reaper","Shrug It Off"],"special_seed":0,"relics":["Sozu","Singing Bowl","Bag of Marbles","MawBank","FossilizedHelix"],"potions_floor_usage":[],"damage_taken":[{"damage":7.0,"enemies":"Jaw Worm","floor":1.0,"turns":2.0},{"damage":2.0,"enemies":"Cultist","floor":4.0,"turns":4.0},{"damage":0.0,"enemies":"2 Louse","floor":5.0,"turns":3.0},{"damage":4.0,"enemies":"Large Slime","floor":7.0,"turns":4.0},{"damage":20.0,"enemies":"Lagavulin","floor":8.0,"turns":4.0},{"damage":1.0,"enemies":"Looter","floor":10.0,"turns":2.0},{"damage":11.0,"enemies":"3 Louse","floor":12.0,"turns":3.0},{"damage":36.0,"enemies":"Gremlin Nob","floor":13.0,"turns":4.0},{"damage":0.0,"enemies":"Exordium Wildlife","floor":14.0,"turns":3.0},{"damage":11,"enemies":"Hexaghost","floor":16,"turns":9}],"seed_played":"-3623132771999336246","potions_obtained":[],"is_trial":false,"path_per_floor":["M","?","$","M","M","R","M","E","T","M","R","M","E","M","R","B"],"character_chosen":"IRONCLAD","items_purchased":["Inflame"],"campfire_rested":0,"item_purchase_floors":[3],"current_hp_per_floor":[61,61,61,59,59,59,55,35,35,36,36,34,6,23,23,16],"gold":313,"neow_bonus":"BOSS_RELIC","is_prod":false,"is_daily":false,"chose_seed":false,"campfire_upgraded":3,"win_rate":0,"timestamp":1605673239,"path_taken":["M","?","$","M","M","R","?","E","T","M","R","M","E","M","R","BOSS"],"build_version":"2020-07-30","purchased_purges":0,"victory":false,"max_hp_per_floor":[75,75,75,75,75,75,75,75,75,77,77,77,79,81,81,81],"card_choices":[{"not_picked":["Body Slam","Reckless Charge"],"picked":"Perfected Strike","floor":1.0},{"not_picked":["Clash","Rage"],"picked":"Flame Barrier","floor":4.0},{"not_picked":["Wild Strike","Havoc"],"picked":"Carnage","floor":5.0},{"not_picked":["Combust","Dark Embrace"],"picked":"Spot Weakness","floor":7.0},{"not_picked":["Sword Boomerang","Iron Wave"],"picked":"Reaper","floor":8.0},{"not_picked":["True Grit","Pummel","Clash"],"picked":"Singing Bowl","floor":10.0},{"not_picked":["Clothesline","Warcry"],"picked":"Shrug It Off","floor":12.0},{"not_picked":["Clothesline","Power Through","Heavy Blade"],"picked":"Singing Bowl","floor":13.0},{"not_picked":["Double Tap","Perfected Strike","Fire Breathing"],"picked":"Singing Bowl","floor":14.0}],"player_experience":1220627,"relics_obtained":[{"floor":8.0,"key":"Bag of Marbles"},{"floor":9.0,"key":"MawBank"},{"floor":13.0,"key":"FossilizedHelix"}],"event_choices":[{"cards_removed":["Perfected Strike"],"damage_healed":0.0,"max_hp_gain":0.0,"max_hp_loss":0.0,"gold_gain":0.0,"event_name":"WeMeetAgain","player_choice":"Gave Card","floor":2.0,"gold_loss":0.0,"damage_taken":0.0,"relics_obtained":["Singing Bowl"]}],"is_beta":false,"boss_relics":[],"items_purged_floors":[],"is_endless":false,"potions_floor_spawned":[4,5,7,8],"killed_by":"Hexaghost","ascension_level":20}