{"gold_per_floor":[119,169,182,200,200,231,231,247,274,309,69,69,86,102,102,175,175,191,191,52,52,67,93,93,123,200,33,33,33,62,62,62,139,139,155,167,167,186,206,240,240,259,259,284,300,335,382,394,394,394,394,394,394,19,47,47],"floor_reached":57,"playtime":3214,"items_purged":["Strike_R","Writhe","Strike_R+1"],"score":2785,"play_id":"522a24fa-a021-4f3c-b109-ecf88c7c55e7","local_time":"20201116224501","is_ascension_mode":true,"campfire_choices":[{"data":"Wild Strike","floor":7.0,"key":"SMITH"},{"data":"Whirlwind","floor":12.0,"key":"SMITH"},{"data":"Intimidate","floor":15.0,"key":"SMITH"},{"data":"RitualDagger","floor":24.0,"key":"SMITH"},{"data":"Spot Weakness","floor":32.0,"key":"SMITH"},{"data":"Demon Form","floor":41,"key":"SMITH"},{"floor":49,"key":"RECALL"},{"data":"Metallicize","floor":53,"key":"SMITH"}],"neow_cost":"NONE","seed_source_timestamp":2765124558099400,"circlet_count":0,"master_deck":["AscendersBane","Strike_R+1","Strike_R+1","Defend_R+1","Defend_R+1","Defend_R+1","Defend_R+1","Bash+1","Wild Strike+1","Twin Strike","Shockwave","Metallicize+1","Intimidate+1","Whirlwind+1","Disarm","Reaper+1","Dark Embrace+1","Disarm","RitualDagger+1","Spot Weakness+1","Disarm","Demon Form+1","Burning Pact+1","Reaper","Flame Barrier","Flame Barrier+1"],"special_seed":0,"relics":["Burning Blood","Centennial Puzzle","Lantern","Orichalcum","Akabeko","Ancient Tea Set","Velvet Choker","Mummified Hand","Whetstone","Ice Cream","White Beast Statue","OrangePellets","Anchor","SlaversCollar","Meat on the Bone","Incense Burner","Bag of Marbles","Champion Belt","Bag of Preparation","Happy Flower"],"potions_floor_usage":[46,56],"damage_taken":[{"damage":7.0,"enemies":"Cultist","floor":1.0,"turns":4.0},{"damage":7.0,"enemies":"Jaw Worm","floor":3.0,"turns":2.0},{"damage":0.0,"enemies":"2 Louse","floor":4.0,"turns":3.0},{"damage":42.0,"enemies":"Lagavulin","floor":6.0,"turns":7.0},{"damage":1.0,"enemies":"2 Fungi Beasts","floor":8.0,"turns":3.0},{"damage":8.0,"enemies":"3 Sentries","floor":10.0,"turns":10.0},{"damage":6.0,"enemies":"Exordium Wildlife","floor":13.0,"turns":3.0},{"damage":0.0,"enemies":"Blue Slaver","floor":14.0,"turns":1.0},{"damage":13.0,"enemies":"Hexaghost","floor":16.0,"turns":8.0},{"damage":12.0,"enemies":"Shell Parasite","floor":18.0,"turns":2.0},{"damage":8.0,"enemies":"2 Thieves","floor":22.0,"turns":3.0},{"damage":6.0,"enemies":"Gremlin Leader","floor":23.0,"turns":3.0},{"damage":0.0,"enemies":"Slavers","floor":25.0,"turns":1.0},{"damage":18.0,"enemies":"Gremlin Leader","floor":30.0,"turns":4.0},{"damage":12.0,"enemies":"Collector","floor":33.0,"turns":4.0},{"damage":0.0,"enemies":"3 Shapes","floor":35.0,"turns":5.0},{"damage":0.0,"enemies":"Orb Walker","floor":36.0,"turns":2.0},{"damage":5,"enemies":"Writhing Mass","floor":38,"turns":8},{"damage":25,"enemies":"Maw","floor":39,"turns":8},{"damage":26,"enemies":"Nemesis","floor":40,"turns":5},{"damage":36,"enemies":"Transient","floor":42,"turns":6},{"damage":0,"enemies":"Mind Bloom Boss Battle","floor":44,"turns":4},{"damage":19,"enemies":"Spire Growth","floor":45,"turns":3},{"damage":35,"enemies":"Reptomancer","floor":46,"turns":4},{"damage":0,"enemies":"2 Orb Walkers","floor":47,"turns":2},{"damage":4,"enemies":"4 Shapes","floor":48,"turns":3},{"damage":31,"enemies":"Time Eater","floor":50,"turns":10},{"damage":58,"enemies":"Awakened One","floor":51,"turns":8},{"damage":17,"enemies":"Shield and Spear","floor":55,"turns":5},{"damage":138,"enemies":"The Heart","floor":56,"turns":9}],"seed_played":"6861155495776642684","potions_obtained":[{"floor":3.0,"key":"Fruit Juice"},{"floor":6.0,"key":"SteroidPotion"},{"floor":10.0,"key":"Fruit Juice"},{"floor":18.0,"key":"Weak Potion"},{"floor":23.0,"key":"Regen Potion"},{"floor":33.0,"key":"LiquidMemories"},{"floor":36.0,"key":"FearPotion"},{"floor":38,"key":"SteroidPotion"},{"floor":39,"key":"LiquidMemories"},{"floor":46,"key":"Energy Potion"}],"is_trial":false,"path_per_floor":["M","?","M","M","?","E","R","M","T","E","$","R","M","M","R","B",null,"M","?","$","?","M","E","R","E","T","$","?","?","E","$","R","B",null,"M","M","?","M","M","E","R","M","T","?","M","E","?","M","R","B","B",null,"R","$","E","B",null],"character_chosen":"IRONCLAD","items_purchased":["Ancient Tea Set","Disarm","OrangePellets","Bag of Preparation","Flame Barrier"],"campfire_rested":0,"item_purchase_floors":[11,20,27,54,54],"current_hp_per_floor":[67,67,66,72,72,36,36,41,41,44,44,44,44,50,50,43,71,70,70,70,64,83,85,85,85,85,85,85,85,85,85,85,85,85,85,85,85,85,78,58,58,57,57,85,72,74,80,85,85,85,85,85,85,85,85,31],"gold":47,"neow_bonus":"RANDOM_COMMON_RELIC","is_prod":false,"is_daily":false,"chose_seed":false,"campfire_upgraded":7,"win_rate":0,"timestamp":1605588301,"path_taken":["M","?","?","M","?","E","R","M","T","E","$","R","?","M","R","BOSS","M","?","$","?","M","E","R","E","T","$","?","?","E","$","R","BOSS","M","M","?","M","M","E","R","M","T","?","M","E","?","M","R","BOSS","BOSS","R","$","E","BOSS"],"build_version":"2020-07-30","purchased_purges":3,"victory":true,"max_hp_per_floor":[75,75,75,75,75,75,75,75,75,80,80,80,80,80,80,80,80,85,85,85,85,85,85,85,85,85,85,85,85,85,85,85,85,85,85,85,85,85,85,85,85,85,85,85,85,85,85,85,85,85,85,85,85,85,85,85],"card_choices":[{"not_picked":["Pommel Strike","Perfected Strike"],"picked":"Wild Strike","floor":1.0},{"not_picked":["Perfected Strike","Heavy Blade"],"picked":"Twin Strike","floor":3.0},{"not_picked":["Dual Wield","Headbutt"],"picked":"Shockwave","floor":4.0},{"not_picked":["Perfected Strike","Infernal Blade"],"picked":"Metallicize","floor":6.0},{"not_picked":["Heavy Blade","Thunderclap"],"picked":"Intimidate","floor":8.0},{"not_picked":["Heavy Blade","Juggernaut"],"picked":"Whirlwind","floor":10.0},{"not_picked":["Sword Boomerang","Body Slam","Rupture"],"picked":"SKIP","floor":13.0},{"not_picked":["Havoc","Iron Wave"],"picked":"Disarm","floor":14.0},{"not_picked":["Bludgeon","Berserk"],"picked":"Reaper","floor":16.0},{"not_picked":["True Grit","Clash"],"picked":"Dark Embrace+1","floor":18.0},{"not_picked":["Sever Soul","Shockwave","Clash"],"picked":"SKIP","floor":22.0},{"not_picked":["Body Slam+1","Twin Strike","Fire Breathing+1"],"picked":"SKIP","floor":23.0},{"not_picked":["Anger+1","Carnage","Hemokinesis"],"picked":"SKIP","floor":25.0},{"not_picked":["Thunderclap","Whirlwind"],"picked":"Disarm","floor":30.0},{"not_picked":["Immolate","Limit Break"],"picked":"Demon Form","floor":33.0},{"not_picked":["Heavy Blade","Clothesline","Body Slam"],"picked":"SKIP","floor":35.0},{"not_picked":["Perfected Strike+1","Rampage+1","Intimidate+1"],"picked":"SKIP","floor":36.0},{"not_picked":["Armaments","Anger","Warcry+1"],"picked":"SKIP","floor":38},{"not_picked":["Ghostly Armor","True Grit"],"picked":"Burning Pact+1","floor":39},{"not_picked":["True Grit","Clash+1","Armaments"],"picked":"SKIP","floor":40},{"not_picked":["Warcry","Cleave+1"],"picked":"Reaper","floor":42},{"not_picked":["Seeing Red","Iron Wave","Sever Soul"],"picked":"SKIP","floor":45},{"not_picked":["Dark Embrace+1","Berserk","Thunderclap"],"picked":"SKIP","floor":46},{"not_picked":["Second Wind+1","Cleave+1","Armaments+1"],"picked":"SKIP","floor":48},{"not_picked":["Disarm+1","Flex+1"],"picked":"Flame Barrier+1","floor":55}],"player_experience":1216378,"relics_obtained":[{"floor":6.0,"key":"Lantern"},{"floor":9.0,"key":"Orichalcum"},{"floor":10.0,"key":"Akabeko"},{"floor":23.0,"key":"Whetstone"},{"floor":25.0,"key":"Ice Cream"},{"floor":26.0,"key":"White Beast Statue"},{"floor":30.0,"key":"Anchor"},{"floor":40,"key":"Meat on the Bone"},{"floor":44,"key":"Incense Burner"},{"floor":46,"key":"Bag of Marbles"},{"floor":47,"key":"Champion Belt"},{"floor":55,"key":"Happy Flower"}],"event_choices":[{"damage_healed":0.0,"max_hp_gain":0.0,"max_hp_loss":0.0,"gold_gain":50.0,"event_name":"Golden Shrine","player_choice":"Pray","floor":2.0,"gold_loss":0.0,"damage_taken":0.0},{"cards_removed":["Strike_R"],"damage_healed":0.0,"max_hp_gain":0.0,"max_hp_loss":0.0,"gold_gain":0.0,"event_name":"Bonfire Elementals","player_choice":"Offered Basic","floor":5.0,"gold_loss":0.0,"damage_taken":0.0},{"damage_healed":0.0,"max_hp_gain":0.0,"max_hp_loss":0.0,"gold_gain":0.0,"event_name":"The Mausoleum","player_choice":"Opened","floor":19.0,"gold_loss":0.0,"damage_taken":0.0,"relics_obtained":["Mummified Hand"],"cards_obtained":["Writhe"]},{"damage_healed":0.0,"max_hp_gain":0.0,"max_hp_loss":0.0,"gold_gain":0.0,"event_name":"Nest","player_choice":"Joined the Cult","floor":21.0,"gold_loss":0.0,"damage_taken":6.0,"cards_obtained":["RitualDagger"]},{"damage_healed":0.0,"max_hp_gain":0.0,"max_hp_loss":0.0,"gold_gain":0.0,"event_name":"Back to Basics","player_choice":"Simplicity","floor":28.0,"gold_loss":0.0,"damage_taken":0.0,"cards_upgraded":["Strike_R","Strike_R","Strike_R","Defend_R","Defend_R","Defend_R","Defend_R"]},{"damage_healed":0.0,"max_hp_gain":0.0,"max_hp_loss":0.0,"gold_gain":0.0,"event_name":"The Library","player_choice":"Read","floor":29.0,"gold_loss":0.0,"damage_taken":0.0,"cards_obtained":["Spot Weakness"]},{"damage_healed":0.0,"max_hp_gain":0.0,"max_hp_loss":0.0,"gold_gain":0.0,"event_name":"Tomb of Lord Red Mask","player_choice":"Ignored","floor":37.0,"gold_loss":0.0,"damage_taken":0.0},{"damage_healed":0,"gold_gain":0,"player_choice":"Fight","damage_taken":0,"max_hp_gain":0,"max_hp_loss":0,"event_name":"MindBloom","floor":44,"gold_loss":0},{"damage_healed":0,"gold_gain":0,"player_choice":"Fight","damage_taken":0,"max_hp_gain":0,"max_hp_loss":0,"event_name":"Mysterious Sphere","floor":47,"gold_loss":0}],"is_beta":false,"boss_relics":[{"not_picked":["Fusion Hammer","Empty Cage"],"picked":"Velvet Choker"},{"not_picked":["Calling Bell","Tiny House"],"picked":"SlaversCollar"}],"items_purged_floors":[11,20,54],"is_endless":false,"potions_floor_spawned":[3,6,10,18,23,25,30,33,35,36,38,39,40,42,44,45,46,47,48,55],"ascension_level":20}