{"gold_per_floor":[12,12,12,28,45,45,75,75,75,95,110,138,150,175,175,252,252,270,270,270,118,118,146,18,45,45,45,45],"floor_reached":28,"playtime":1981,"items_purged":["Writhe","Whirlwind"],"score":573,"play_id":"d4ea2184-cc41-4656-816b-a04adcd222e0","local_time":"20201119124124","is_ascension_mode":true,"campfire_choices":[{"data":"Bash","floor":6,"key":"SMITH"},{"data":"Blood for Blood","floor":8,"key":"SMITH"},{"floor":15,"key":"REST"}],"neow_cost":"NO_GOLD","seed_source_timestamp":2989437943517300,"circlet_count":0,"master_deck":["AscendersBane","Defend_R","Defend_R","Defend_R","Defend_R","Bash+1","Wild Strike","Hemokinesis","Blood for Blood+1","Armaments","Burning Pact","Power Through","Flame Barrier","Shrug It Off","Demon Form+1","Bite","Bite","Bite","Bite","Bite","Second Wind","True Grit"],"relics":["Burning Blood","Torii","TungstenRod","Orichalcum","Dream Catcher","SlaversCollar","Self Forming Clay","Strawberry","MealTicket","Paper Frog"],"potions_floor_usage":[14,23],"damage_taken":[{"damage":8,"enemies":"Jaw Worm","floor":1,"turns":5},{"damage":14,"enemies":"Small Slimes","floor":4,"turns":4},{"damage":7,"enemies":"Cultist","floor":5,"turns":4},{"damage":48,"enemies":"Lagavulin","floor":7,"turns":6},{"damage":21,"enemies":"Exordium Thugs","floor":10,"turns":6},{"damage":4,"enemies":"Large Slime","floor":11,"turns":4},{"damage":13,"enemies":"3 Sentries","floor":12,"turns":7},{"damage":0,"enemies":"Red Slaver","floor":13,"turns":3},{"damage":19,"enemies":"Gremlin Nob","floor":14,"turns":4},{"damage":28,"enemies":"The Guardian","floor":16,"turns":12},{"damage":2,"enemies":"3 Byrds","floor":18,"turns":8},{"damage":19,"enemies":"Slavers","floor":23,"turns":7},{"damage":44,"enemies":"Book of Stabbing","floor":25,"turns":6},{"damage":101,"enemies":"Gremlin Leader","floor":28,"turns":8}],"seed_played":"-5809437070383005163","potions_obtained":[{"floor":7,"key":"Weak Potion"},{"floor":10,"key":"GamblersBrew"},{"floor":11,"key":"FairyPotion"},{"floor":13,"key":"PowerPotion"},{"floor":18,"key":"Energy Potion"}],"is_trial":false,"path_per_floor":["M","?","?","M","M","R","E","R","T","M","M","E","M","E","R","B",null,"M","?","?","$","?","E","$","E","T","$","E"],"character_chosen":"IRONCLAD","items_purchased":["Second Wind","True Grit"],"campfire_rested":1,"item_purchase_floors":[21,24],"current_hp_per_floor":[80,80,89,81,80,80,38,38,38,23,25,18,24,11,37,15,71,75,75,62,62,62,66,66,39,39,54,0],"gold":45,"neow_bonus":"TWENTY_PERCENT_HP_BONUS","is_prod":false,"is_daily":false,"chose_seed":false,"campfire_upgraded":2,"win_rate":0,"timestamp":1605811284,"path_taken":["M","?","?","M","M","R","E","R","T","M","M","E","?","E","R","BOSS","M","?","?","$","?","E","$","E","T","$","E"],"build_version":"2020-07-30","purchased_purges":2,"victory":false,"max_hp_per_floor":[89,89,89,89,89,89,89,89,89,89,89,89,89,89,89,89,89,89,89,62,62,62,69,69,69,69,69,69],"card_choices":[{"not_picked":["Clash","Body Slam","Havoc"],"picked":"SKIP","floor":1},{"not_picked":["Clash","Evolve"],"picked":"Wild Strike","floor":4},{"not_picked":["Armaments","Pummel"],"picked":"Hemokinesis","floor":5},{"not_picked":["Fire Breathing","Pummel"],"picked":"Blood for Blood","floor":7},{"not_picked":["Clash","Iron Wave"],"picked":"Armaments","floor":10},{"not_picked":["Wild Strike","Pommel Strike"],"picked":"Burning Pact","floor":11},{"not_picked":["Barricade","Wild Strike","Clash"],"picked":"SKIP","floor":12},{"not_picked":["Iron Wave","Sword Boomerang"],"picked":"Power Through","floor":13},{"not_picked":["True Grit","Seeing Red"],"picked":"Flame Barrier","floor":14},{"not_picked":["Iron Wave","Pummel"],"picked":"Shrug It Off","floor":15},{"not_picked":["Feed","Juggernaut"],"picked":"Demon Form","floor":16},{"not_picked":["Warcry","Clash","Twin Strike"],"picked":"SKIP","floor":18},{"not_picked":["Searing Blow","Armaments","Entrench"],"picked":"SKIP","floor":23},{"not_picked":["Sword Boomerang","Perfected Strike","Wild Strike"],"picked":"SKIP","floor":25}],"player_experience":1226618,"relics_obtained":[{"floor":7,"key":"Torii"},{"floor":9,"key":"TungstenRod"},{"floor":12,"key":"Orichalcum"},{"floor":14,"key":"Dream Catcher"},{"floor":23,"key":"Strawberry"},{"floor":25,"key":"MealTicket"},{"floor":26,"key":"Paper Frog"}],"event_choices":[{"damage_healed":0,"gold_gain":0,"cards_transformed":["Strike_R"],"player_choice":"Change","damage_taken":0,"max_hp_gain":0,"max_hp_loss":0,"event_name":"Living Wall","floor":2,"gold_loss":0,"cards_obtained":["Whirlwind"]},{"damage_healed":9,"gold_gain":0,"player_choice":"Full Heal","damage_taken":0,"max_hp_gain":0,"max_hp_loss":0,"event_name":"Wheel of Change","floor":3,"gold_loss":0},{"damage_healed":0,"gold_gain":0,"player_choice":"Opened","damage_taken":0,"relics_obtained":["Self Forming Clay"],"max_hp_gain":0,"max_hp_loss":0,"event_name":"The Mausoleum","floor":19,"gold_loss":0,"cards_obtained":["Writhe"]},{"damage_healed":0,"gold_gain":0,"player_choice":"Became a vampire","damage_taken":0,"max_hp_gain":0,"max_hp_loss":27,"event_name":"Vampires","floor":20,"gold_loss":0,"cards_obtained":["Bite","Bite","Bite","Bite","Bite"]},{"damage_healed":0,"gold_gain":0,"player_choice":"Upgraded","damage_taken":0,"max_hp_gain":0,"max_hp_loss":0,"event_name":"Upgrade Shrine","floor":22,"gold_loss":0,"cards_upgraded":["Demon Form"]}],"is_beta":false,"boss_relics":[{"not_picked":["Ectoplasm","Empty Cage"],"picked":"SlaversCollar"}],"items_purged_floors":[21,24],"is_endless":false,"potions_floor_spawned":[7,10,11,12,13,18],"killed_by":"Gremlin Leader","ascension_level":20}