{"gold_per_floor":[118,193,209,99,116,116,141,153,153,180,180,160],"floor_reached":12,"playtime":500,"items_purged":[],"score":176,"play_id":"7a65c09e-9e5a-4ad1-a619-718d37e07231","local_time":"20201119193858","is_ascension_mode":true,"campfire_choices":[{"data":"Bash","floor":6,"key":"SMITH"}],"neow_cost":"NONE","seed_source_timestamp":3015975350900100,"circlet_count":0,"master_deck":["AscendersBane","Strike_R","Strike_R","Strike_R","Strike_R","Strike_R","Defend_R","Defend_R","Defend_R","Defend_R","Bash+1","Headbutt","Wild Strike","Twin Strike","Anger","True Grit","Corruption"],"relics":["Black Star","Centennial Puzzle","Blue Candle","Blood Vial","Toy Ornithopter","Smiling Mask"],"potions_floor_usage":[7,8,10],"damage_taken":[{"damage":4,"enemies":"Jaw Worm","floor":1,"turns":5},{"damage":8,"enemies":"2 Louse","floor":3,"turns":3},{"damage":1,"enemies":"Cultist","floor":5,"turns":3},{"damage":8,"enemies":"Gremlin Nob","floor":7,"turns":3},{"damage":16,"enemies":"Large Slime","floor":8,"turns":4},{"damage":13,"enemies":"Lagavulin","floor":10,"turns":4},{"damage":6,"enemies":"Exordium Thugs","floor":12,"turns":2}],"seed_played":"7467704236747989690","potions_obtained":[{"floor":1,"key":"Fire Potion"},{"floor":7,"key":"AttackPotion"}],"is_trial":false,"path_per_floor":["M","?","M","$","M","R","E","M","T","E","?","M"],"character_chosen":"IRONCLAD","items_purchased":["Wild Strike","Fire Potion"],"campfire_rested":0,"item_purchase_floors":[4,4],"current_hp_per_floor":[64,53,45,45,44,44,36,20,20,9,9,5],"gold":160,"neow_bonus":"BOSS_RELIC","is_prod":false,"is_daily":false,"chose_seed":false,"campfire_upgraded":1,"win_rate":0,"timestamp":1605836338,"path_taken":["M","?","M","$","M","R","E","M","T","E","?","M"],"build_version":"2020-07-30","purchased_purges":0,"victory":false,"max_hp_per_floor":[75,75,75,75,75,75,75,75,75,75,75,75],"card_choices":[{"not_picked":["Rupture","Havoc"],"picked":"Headbutt","floor":1},{"not_picked":["Seeing Red","Heavy Blade","Thunderclap"],"picked":"SKIP","floor":3},{"not_picked":["Sentinel","Blood for Blood"],"picked":"Twin Strike","floor":5},{"not_picked":["Clothesline","Dark Embrace"],"picked":"Anger","floor":7},{"not_picked":["Clash","Burning Pact"],"picked":"True Grit","floor":8},{"not_picked":["Blood for Blood","Limit Break"],"picked":"Corruption","floor":10}],"player_experience":1230254,"relics_obtained":[{"floor":7,"key":"Centennial Puzzle"},{"floor":7,"key":"Blue Candle"},{"floor":9,"key":"Blood Vial"},{"floor":10,"key":"Toy Ornithopter"},{"floor":10,"key":"Smiling Mask"}],"event_choices":[{"damage_healed":0,"gold_gain":75,"player_choice":"Gather Gold","damage_taken":11,"max_hp_gain":0,"max_hp_loss":0,"event_name":"World of Goop","floor":2,"gold_loss":0},{"damage_healed":0,"gold_gain":0,"player_choice":"Ignored","damage_taken":0,"max_hp_gain":0,"max_hp_loss":0,"event_name":"Liars Game","floor":11,"gold_loss":0}],"is_beta":false,"boss_relics":[],"items_purged_floors":[],"is_endless":false,"potions_floor_spawned":[1,5,7],"killed_by":"Exordium Thugs","ascension_level":20}