{"gold_per_floor":[117,131,150,167,167,167,200,200,255,290,305,333,343,355,355,355],"floor_reached":16,"playtime":944,"items_purged":[],"score":248,"play_id":"41f4814b-89ca-4f58-83a2-ba27e1deabf2","local_time":"20201119213614","is_ascension_mode":true,"campfire_choices":[{"data":"Uppercut","floor":6,"key":"SMITH"},{"data":"Wild Strike","floor":8,"key":"SMITH"},{"data":"True Grit","floor":15,"key":"SMITH"}],"neow_cost":"NONE","seed_source_timestamp":3022567174459200,"circlet_count":0,"master_deck":["AscendersBane","Strike_R","Strike_R","Strike_R","Strike_R","Strike_R","Defend_R","Defend_R","Defend_R","Defend_R+1","Bash","Wild Strike+1","Spot Weakness","Uppercut+1","Shrug It Off","Shrug It Off+1","Cleave","Shockwave","True Grit+1"],"relics":["Burning Blood","White Beast Statue","Bronze Scales","War Paint","Art of War"],"potions_floor_usage":[7,10,12],"damage_taken":[{"damage":7,"enemies":"Cultist","floor":1,"turns":4},{"damage":9,"enemies":"Jaw Worm","floor":2,"turns":3},{"damage":3,"enemies":"Small Slimes","floor":3,"turns":4},{"damage":2,"enemies":"3 Louse","floor":4,"turns":3},{"damage":32,"enemies":"3 Sentries","floor":7,"turns":10},{"damage":17,"enemies":"Lagavulin","floor":10,"turns":5},{"damage":5,"enemies":"2 Fungi Beasts","floor":11,"turns":4},{"damage":10,"enemies":"3 Sentries","floor":12,"turns":4},{"damage":6,"enemies":"Exordium Thugs","floor":13,"turns":5},{"damage":1,"enemies":"Blue Slaver","floor":14,"turns":4},{"damage":31,"enemies":"Slime Boss","floor":16,"turns":6}],"seed_played":"-2850435285593719757","potions_obtained":[{"floor":3,"key":"DuplicationPotion"},{"floor":5,"key":"AttackPotion"},{"floor":10,"key":"FearPotion"},{"floor":11,"key":"AttackPotion"},{"floor":12,"key":"Energy Potion"},{"floor":14,"key":"DuplicationPotion"}],"is_trial":false,"path_per_floor":["M","M","M","M","?","R","E","R","T","E","M","E","M","M","R","B"],"character_chosen":"IRONCLAD","items_purchased":[],"campfire_rested":0,"item_purchase_floors":[],"current_hp_per_floor":[74,71,74,78,78,78,52,52,52,41,42,38,38,43,43,12],"gold":355,"neow_bonus":"TEN_PERCENT_HP_BONUS","is_prod":false,"is_daily":false,"chose_seed":false,"campfire_upgraded":3,"win_rate":0,"timestamp":1605843374,"path_taken":["M","M","M","M","?","R","E","R","T","E","M","E","?","M","R","BOSS"],"build_version":"2020-07-30","purchased_purges":0,"victory":false,"max_hp_per_floor":[82,82,82,82,82,82,82,82,82,82,82,82,82,82,82,82],"card_choices":[{"not_picked":["Intimidate","Headbutt"],"picked":"Wild Strike","floor":1},{"not_picked":["Body Slam","Anger"],"picked":"Spot Weakness","floor":2},{"not_picked":["Blood for Blood","Bloodletting"],"picked":"Uppercut","floor":3},{"not_picked":["Twin Strike","Power Through"],"picked":"Shrug It Off","floor":4},{"not_picked":["Spot Weakness","Sever Soul"],"picked":"Shrug It Off","floor":7},{"not_picked":["Shrug It Off","Thunderclap"],"picked":"Cleave","floor":10},{"not_picked":["Sentinel","Brutality"],"picked":"Shockwave","floor":11},{"not_picked":["Clothesline","Twin Strike","Heavy Blade"],"picked":"SKIP","floor":12},{"not_picked":["Clash","Iron Wave"],"picked":"True Grit","floor":13},{"not_picked":["Havoc","Wild Strike","Armaments"],"picked":"SKIP","floor":14}],"player_experience":1230754,"relics_obtained":[{"floor":7,"key":"White Beast Statue"},{"floor":9,"key":"Bronze Scales"},{"floor":10,"key":"War Paint"},{"floor":12,"key":"Art of War"}],"event_choices":[{"damage_healed":0,"gold_gain":0,"player_choice":"Got Potions","damage_taken":0,"max_hp_gain":0,"max_hp_loss":0,"event_name":"Lab","floor":5,"gold_loss":0}],"is_beta":false,"boss_relics":[],"items_purged_floors":[],"is_endless":false,"potions_floor_spawned":[3,10,11,12,13,14],"killed_by":"Slime Boss","ascension_level":20}