{"gold_per_floor":[119,33,33,49,65,99,99,132,132,147,71,71,71,82,82,160,160,80],"floor_reached":18,"playtime":850,"items_purged":[],"score":340,"play_id":"7f08be79-0c0b-42e7-b532-e6c5d27794aa","local_time":"20201120143112","is_ascension_mode":true,"campfire_choices":[{"data":"Combust","floor":7,"key":"SMITH"},{"floor":12,"key":"REST"},{"data":"Fiend Fire","floor":15,"key":"SMITH"}],"neow_cost":"TEN_PERCENT_HP_LOSS","seed_source_timestamp":0,"circlet_count":0,"master_deck":["AscendersBane","Bash","Iron Wave","Iron Wave","Evolve","Battle Trance","Armaments","Wild Strike","Combust+1","Feed","True Grit","Fiend Fire+1","Feel No Pain","Impervious","Clash","Cleave","Power Through","Clothesline","Heavy Blade","Havoc","Corruption"],"special_seed":0,"relics":["Burning Blood","Ancient Tea Set","White Beast Statue","Bag of Marbles","Pandora\u0027s Box"],"potions_floor_usage":[6,6,14,16],"damage_taken":[{"damage":4,"enemies":"Small Slimes","floor":1,"turns":4},{"damage":0,"enemies":"2 Louse","floor":4,"turns":5},{"damage":4,"enemies":"Jaw Worm","floor":5,"turns":6},{"damage":29,"enemies":"Lagavulin","floor":6,"turns":6},{"damage":32,"enemies":"Gremlin Nob","floor":8,"turns":4},{"damage":21,"enemies":"Exordium Thugs","floor":10,"turns":6},{"damage":0,"enemies":"2 Fungi Beasts","floor":14,"turns":1},{"damage":31,"enemies":"Slime Boss","floor":16,"turns":5},{"damage":17,"enemies":"2 Thieves","floor":18,"turns":3}],"seed_played":"2539536924674840462","potions_obtained":[{"floor":4,"key":"DistilledChaos"},{"floor":5,"key":"AttackPotion"},{"floor":10,"key":"Explosive Potion"},{"floor":14,"key":"SteroidPotion"},{"floor":16,"key":"PowerPotion"}],"is_trial":false,"path_per_floor":["M","$","?","M","M","E","R","E","T","M","$","R","?","M","R","B",null,"M"],"character_chosen":"IRONCLAD","items_purchased":["Battle Trance","Fiend Fire"],"campfire_rested":1,"item_purchase_floors":[2,11],"current_hp_per_floor":[68,68,73,73,73,50,50,24,24,13,13,36,36,45,45,20,65,48],"gold":80,"neow_bonus":"TRANSFORM_TWO_CARDS","is_prod":false,"is_daily":false,"chose_seed":false,"campfire_upgraded":2,"win_rate":0,"timestamp":1605904272,"path_taken":["M","$","?","M","M","E","R","E","T","M","$","R","?","M","R","BOSS","M"],"build_version":"2020-07-30","purchased_purges":0,"victory":false,"max_hp_per_floor":[68,68,73,73,73,73,73,73,73,77,77,77,77,80,80,80,80,80],"card_choices":[{"not_picked":["Clash","Infernal Blade"],"picked":"Evolve","floor":1},{"not_picked":["Body Slam","Havoc"],"picked":"Armaments","floor":4},{"not_picked":["Cleave","Dual Wield"],"picked":"Wild Strike","floor":5},{"not_picked":["Shrug It Off","Clash"],"picked":"Combust","floor":6},{"not_picked":["Pommel Strike","Intimidate"],"picked":"Feed","floor":8},{"not_picked":["Wild Strike","Pommel Strike"],"picked":"True Grit","floor":10},{"not_picked":["Shrug It Off","Rampage"],"picked":"Feel No Pain","floor":14},{"not_picked":["Offering","Berserk"],"picked":"Impervious","floor":16}],"player_experience":1233841,"relics_obtained":[{"floor":6,"key":"Ancient Tea Set"},{"floor":8,"key":"White Beast Statue"},{"floor":9,"key":"Bag of Marbles"}],"event_choices":[{"damage_healed":0,"gold_gain":0,"player_choice":"Donut","damage_taken":0,"max_hp_gain":5,"max_hp_loss":0,"event_name":"Big Fish","floor":3,"gold_loss":0},{"damage_healed":0,"gold_gain":0,"player_choice":"Ignored","damage_taken":0,"max_hp_gain":0,"max_hp_loss":0,"event_name":"Liars Game","floor":13,"gold_loss":0}],"is_beta":false,"boss_relics":[{"not_picked":["Black Blood","SacredBark"],"picked":"Pandora\u0027s Box"}],"items_purged_floors":[],"is_endless":false,"potions_floor_spawned":[4,5,10,14,16],"killed_by":"2 Thieves","ascension_level":20}