{"gold_per_floor":[15,15,40,65,25,25,64,87,87,125,125,149,149,174,174,272,272,295,295,308,308,308,308,352,375,398,32,45,45,88,103,103,194,194,215,215,46,62,123,123,147,182,182,182,196,231,256,296,296,296,296,296,296,23,61,61],"floor_reached":57,"playtime":4063,"items_purged":["Writhe","Bash+1"],"score":3355,"play_id":"49353592-119d-4a75-8729-43cf32fa6fd6","local_time":"20201115030014","is_ascension_mode":true,"campfire_choices":[{"data":"Bash","floor":6.0,"key":"SMITH"},{"data":"True Grit","floor":13.0,"key":"SMITH"},{"data":"Inflame","floor":15.0,"key":"SMITH"},{"data":"Flex","floor":23.0,"key":"SMITH"},{"data":"Entrench","floor":32.0,"key":"SMITH"},{"data":"Barricade","floor":40,"key":"SMITH"},{"floor":49,"key":"RECALL"},{"data":"Impervious","floor":53,"key":"SMITH"}],"neow_cost":"NO_GOLD","seed_source_timestamp":2606822751833500,"circlet_count":0,"master_deck":["AscendersBane","Defend_R","Defend_R","Defend_R","Defend_R","Bloodletting","Wild Strike","Wild Strike","Anger","Shrug It Off","Flex+1","Inflame+1","Corruption+1","True Grit+1","Impervious+1","Bite","Bite","Bite","Bite","Bite","Dark Embrace","Shockwave","Entrench+1","Shrug It Off","Seeing Red+1","Barricade+1","True Grit+1","Armaments+1","Disarm+1","Intimidate+1","Fiend Fire"],"special_seed":0,"relics":["Burning Blood","Golden Idol","Bag of Marbles","Self Forming Clay","Thread and Needle","Coffee Dripper","Centennial Puzzle","Darkstone Periapt","InkBottle","Toxic Egg 2","Enchiridion","Bronze Scales","Runic Pyramid","PreservedInsect","Dead Branch","Art of War","Lantern","Pear","Ice Cream","Bag of Preparation","Oddly Smooth Stone","Torii"],"potions_floor_usage":[56],"damage_taken":[{"damage":9.0,"enemies":"Small Slimes","floor":1.0,"turns":4.0},{"damage":22.0,"enemies":"Jaw Worm","floor":3.0,"turns":4.0},{"damage":1.0,"enemies":"Cultist","floor":4.0,"turns":3.0},{"damage":26.0,"enemies":"3 Sentries","floor":7.0,"turns":7.0},{"damage":0.0,"enemies":"Exordium Wildlife","floor":8.0,"turns":2.0},{"damage":17.0,"enemies":"Lagavulin","floor":10.0,"turns":7.0},{"damage":3.0,"enemies":"3 Louse","floor":12.0,"turns":3.0},{"damage":1.0,"enemies":"Looter","floor":14.0,"turns":4.0},{"damage":43.0,"enemies":"The Guardian","floor":16.0,"turns":10.0},{"damage":15.0,"enemies":"Spheric Guardian","floor":18.0,"turns":5.0},{"damage":5.0,"enemies":"Chosen","floor":20.0,"turns":5.0},{"damage":27.0,"enemies":"Book of Stabbing","floor":24.0,"turns":5.0},{"damage":15.0,"enemies":"Shelled Parasite and Fungi","floor":25.0,"turns":5.0},{"damage":11.0,"enemies":"Snake Plant","floor":28.0,"turns":5.0},{"damage":4.0,"enemies":"Gremlin Leader","floor":30.0,"turns":6.0},{"damage":0.0,"enemies":"Centurion and Healer","floor":31.0,"turns":3.0},{"damage":0.0,"enemies":"Champ","floor":33.0,"turns":16.0},{"damage":3.0,"enemies":"3 Shapes","floor":35.0,"turns":3.0},{"damage":3,"enemies":"Orb Walker","floor":38,"turns":4},{"damage":32,"enemies":"2 Orb Walkers","floor":39,"turns":7},{"damage":3,"enemies":"Reptomancer","floor":42,"turns":5},{"damage":0,"enemies":"Writhing Mass","floor":45,"turns":3},{"damage":6,"enemies":"Nemesis","floor":46,"turns":5},{"damage":0,"enemies":"Maw","floor":47,"turns":4},{"damage":3,"enemies":"Giant Head","floor":48,"turns":5},{"damage":20,"enemies":"Donu and Deca","floor":50,"turns":6},{"damage":6,"enemies":"Time Eater","floor":51,"turns":8},{"damage":3,"enemies":"Shield and Spear","floor":55,"turns":6},{"damage":0,"enemies":"The Heart","floor":56,"turns":6}],"seed_played":"4118692564625690763","potions_obtained":[{"floor":1.0,"key":"Regen Potion"},{"floor":4.0,"key":"Swift Potion"},{"floor":14.0,"key":"EssenceOfSteel"},{"floor":16.0,"key":"PowerPotion"},{"floor":25.0,"key":"Fire Potion"},{"floor":35.0,"key":"SpeedPotion"}],"is_trial":false,"path_per_floor":["M","?","M","M","$","R","E","M","T","E","?","M","R","M","R","B",null,"M","?","M","?","T","R","E","M","T","$","M","?","E","M","R","B",null,"M","?","$","M","?","R","T","E","T","?","M","E","M","E","R","B","B",null,"R","$","E","B",null],"character_chosen":"IRONCLAD","items_purchased":["Evolve","Shrug It Off","Toxic Egg 2","PreservedInsect","Oddly Smooth Stone"],"campfire_rested":0,"item_purchase_floors":[5,27,27,37,54],"current_hp_per_floor":[65,65,49,54,54,54,49,55,55,44,44,47,47,52,52,15,55,46,46,47,47,47,47,30,37,37,37,44,23,35,47,47,47,47,47,47,47,47,37,37,37,47,57,57,57,57,57,57,57,57,57,57,57,57,57,57],"gold":61,"neow_bonus":"TRANSFORM_TWO_CARDS","is_prod":false,"is_daily":false,"chose_seed":false,"campfire_upgraded":7,"win_rate":0,"timestamp":1605430814,"path_taken":["M","?","M","M","$","R","E","M","T","E","?","M","R","M","R","BOSS","M","?","M","?","?","R","E","M","T","$","?","?","E","M","R","BOSS","M","?","$","M","?","R","?","E","T","?","M","E","M","E","R","BOSS","BOSS","R","$","E","BOSS"],"build_version":"2020-07-30","purchased_purges":2,"victory":true,"max_hp_per_floor":[75,68,68,68,68,68,68,68,68,68,68,68,68,68,68,68,68,68,47,47,47,47,47,47,47,47,47,47,47,47,47,47,47,47,47,47,47,47,47,47,47,47,57,57,57,57,57,57,57,57,57,57,57,57,57,57],"card_choices":[{"not_picked":["Sever Soul","Searing Blow"],"picked":"Wild Strike","floor":1.0},{"not_picked":["Dual Wield","Iron Wave"],"picked":"Anger","floor":3.0},{"not_picked":["Anger","Pummel"],"picked":"Shrug It Off","floor":4.0},{"not_picked":["Sword Boomerang","Warcry"],"picked":"Flex","floor":7.0},{"not_picked":["Wild Strike","Sword Boomerang"],"picked":"Inflame","floor":8.0},{"not_picked":["Heavy Blade","True Grit"],"picked":"Corruption","floor":10.0},{"not_picked":["Havoc","Evolve"],"picked":"True Grit","floor":12.0},{"not_picked":["Wild Strike","Twin Strike","Clash"],"picked":"SKIP","floor":14.0},{"not_picked":["Limit Break","Brutality"],"picked":"Impervious","floor":16.0},{"not_picked":["Searing Blow","Anger","Wild Strike"],"picked":"SKIP","floor":18.0},{"not_picked":["Fire Breathing","Hemokinesis"],"picked":"Dark Embrace","floor":20.0},{"not_picked":["Havoc","Iron Wave"],"picked":"Shockwave","floor":24.0},{"not_picked":["Armaments+1","Hemokinesis+1"],"picked":"Entrench","floor":25.0},{"not_picked":["Second Wind+1","Headbutt"],"picked":"Seeing Red+1","floor":28.0},{"not_picked":["Clothesline","Evolve","Flex+1"],"picked":"SKIP","floor":30.0},{"not_picked":["Thunderclap","Iron Wave","Twin Strike"],"picked":"SKIP","floor":31.0},{"not_picked":["Corruption","Exhume+1"],"picked":"Barricade","floor":33.0},{"not_picked":["Dark Embrace","Spot Weakness+1"],"picked":"True Grit+1","floor":35.0},{"not_picked":["Perfected Strike","Clothesline+1"],"picked":"Armaments+1","floor":38},{"not_picked":["Power Through+1","Havoc+1","Dark Embrace"],"picked":"SKIP","floor":42},{"not_picked":["Headbutt+1","Carnage+1","Flex+1"],"picked":"SKIP","floor":45},{"not_picked":["Hemokinesis","Shockwave+1"],"picked":"Disarm+1","floor":46},{"not_picked":["Barricade","Pommel Strike"],"picked":"Intimidate+1","floor":47},{"not_picked":["Thunderclap","Wild Strike+1","Juggernaut"],"picked":"SKIP","floor":48},{"not_picked":["Wild Strike","Seeing Red+1"],"picked":"Fiend Fire","floor":55}],"player_experience":1197198,"relics_obtained":[{"floor":7.0,"key":"Bag of Marbles"},{"floor":9.0,"key":"Self Forming Clay"},{"floor":10.0,"key":"Thread and Needle"},{"floor":22.0,"key":"Darkstone Periapt"},{"floor":24.0,"key":"InkBottle"},{"floor":29.0,"key":"Enchiridion"},{"floor":30.0,"key":"Bronze Scales"},{"floor":39,"key":"Dead Branch"},{"floor":41,"key":"Art of War"},{"floor":42,"key":"Lantern"},{"floor":43,"key":"Pear"},{"floor":46,"key":"Ice Cream"},{"floor":48,"key":"Bag of Preparation"},{"floor":55,"key":"Torii"}],"event_choices":[{"damage_healed":0.0,"max_hp_gain":0.0,"max_hp_loss":7.0,"gold_gain":0.0,"event_name":"Golden Idol","player_choice":"Lose Max HP","floor":2.0,"gold_loss":0.0,"damage_taken":0.0,"relics_obtained":["Golden Idol"]},{"damage_healed":0.0,"max_hp_gain":0.0,"max_hp_loss":0.0,"gold_gain":0.0,"event_name":"Living Wall","player_choice":"Grow","floor":11.0,"gold_loss":0.0,"damage_taken":0.0,"cards_upgraded":["Corruption"]},{"damage_healed":0.0,"max_hp_gain":0.0,"max_hp_loss":21.0,"gold_gain":0.0,"event_name":"Vampires","player_choice":"Became a vampire","floor":19.0,"gold_loss":0.0,"damage_taken":0.0,"cards_obtained":["Bite","Bite","Bite","Bite","Bite"]},{"damage_healed":0.0,"max_hp_gain":0.0,"max_hp_loss":0.0,"gold_gain":0.0,"event_name":"The Mausoleum","player_choice":"Opened","floor":21.0,"gold_loss":0.0,"damage_taken":0.0,"relics_obtained":["Centennial Puzzle"],"cards_obtained":["Writhe"]},{"damage_healed":0.0,"max_hp_gain":0.0,"max_hp_loss":0.0,"gold_gain":0.0,"event_name":"Cursed Tome","player_choice":"Obtained Book","floor":29.0,"gold_loss":0.0,"damage_taken":21.0},{"damage_healed":0,"gold_gain":0,"player_choice":"Ignored","damage_taken":0,"max_hp_gain":0,"max_hp_loss":0,"event_name":"Tomb of Lord Red Mask","floor":36,"gold_loss":0},{"damage_healed":0,"gold_gain":0,"player_choice":"Fight","damage_taken":0,"max_hp_gain":0,"max_hp_loss":0,"event_name":"Mysterious Sphere","floor":39,"gold_loss":0},{"cards_removed":["Evolve"],"damage_healed":0,"gold_gain":0,"player_choice":"Purged","damage_taken":0,"max_hp_gain":0,"max_hp_loss":0,"event_name":"Purifier","floor":44,"gold_loss":0}],"is_beta":false,"boss_relics":[{"not_picked":["Sozu","Tiny House"],"picked":"Coffee Dripper"},{"not_picked":["Astrolabe","Runic Cube"],"picked":"Runic Pyramid"}],"items_purged_floors":[27,54],"is_endless":false,"potions_floor_spawned":[1,4,14,16,20,25,28,35,42,45,46,47],"ascension_level":20}