{"gold_per_floor":[114,126,1,21,21,21,31,61,61,86,86,103,116,135,135,209,209,226,245,170,188,203,203,236,236,236,336,336],"floor_reached":28,"playtime":1363,"items_purged":[],"score":579,"play_id":"78242794-3ac0-4fb1-8849-6a4dd606fed7","local_time":"20201118181547","is_ascension_mode":true,"campfire_choices":[{"data":"Bash","floor":6.0,"key":"SMITH"},{"data":"Immolate","floor":11.0,"key":"SMITH"},{"data":"Shockwave","floor":15.0,"key":"SMITH"},{"data":"Feed","floor":23.0,"key":"SMITH"},{"data":"Spot Weakness","floor":25.0,"key":"SMITH"}],"neow_cost":"NONE","seed_source_timestamp":2923607117595900,"circlet_count":0,"master_deck":["AscendersBane","Strike_R","Strike_R","Strike_R","Strike_R","Defend_R","Defend_R","Defend_R","Defend_R","Bash+1","Pommel Strike","Spot Weakness+1","Spot Weakness","Twin Strike","Twin Strike","Immolate+1","Twin Strike","Power Through","Shockwave+1","Feed+1","Shrug It Off","Sword Boomerang","True Grit+1","Ghostly Armor","Ghostly Armor"],"special_seed":0,"relics":["Burning Blood","Pear","Ancient Tea Set","Red Skull","Mercury Hourglass","Runic Cube","Smiling Mask","Pocketwatch","Du-Vu Doll","Molten Egg 2"],"potions_floor_usage":[28],"damage_taken":[{"damage":1.0,"enemies":"Cultist","floor":1.0,"turns":3.0},{"damage":9.0,"enemies":"Jaw Worm","floor":2.0,"turns":5.0},{"damage":13.0,"enemies":"Small Slimes","floor":4.0,"turns":4.0},{"damage":15.0,"enemies":"Exordium Wildlife","floor":7.0,"turns":4.0},{"damage":8.0,"enemies":"Gremlin Nob","floor":8.0,"turns":3.0},{"damage":30.0,"enemies":"Lagavulin","floor":10.0,"turns":5.0},{"damage":0.0,"enemies":"Exordium Thugs","floor":12.0,"turns":3.0},{"damage":0.0,"enemies":"2 Fungi Beasts","floor":13.0,"turns":2.0},{"damage":5.0,"enemies":"Lots of Slimes","floor":14.0,"turns":3.0},{"damage":16.0,"enemies":"Hexaghost","floor":16.0,"turns":6.0},{"damage":17.0,"enemies":"Spheric Guardian","floor":18.0,"turns":4.0},{"damage":7.0,"enemies":"2 Thieves","floor":19.0,"turns":2.0},{"damage":29.0,"enemies":"Cultist and Chosen","floor":21.0,"turns":6.0},{"damage":16.0,"enemies":"Snecko","floor":22.0,"turns":5.0},{"damage":0.0,"enemies":"Gremlin Leader","floor":24.0,"turns":2.0},{"damage":3.0,"enemies":"Colosseum Slavers","floor":27.0,"turns":2.0},{"damage":15.0,"enemies":"Colosseum Nobs","floor":27.0,"turns":3.0},{"damage":32,"enemies":"Slavers","floor":28,"turns":3}],"seed_played":"-1260038587455584582","potions_obtained":[{"floor":7.0,"key":"Ancient Potion"},{"floor":8.0,"key":"EntropicBrew"},{"floor":10.0,"key":"Dexterity Potion"},{"floor":19.0,"key":"Fire Potion"}],"is_trial":false,"path_per_floor":["M","M","$","M","T","R","M","E","T","E","R","M","M","M","R","B",null,"M","M","?","M","M","R","E","R","T","?","E"],"character_chosen":"IRONCLAD","items_purchased":["Spot Weakness","LiquidMemories"],"campfire_rested":0,"item_purchase_floors":[3,3],"current_hp_per_floor":[80,77,77,70,80,80,71,69,69,45,45,51,57,58,58,48,81,70,69,69,49,39,39,49,49,49,47,15],"gold":336,"neow_bonus":"TEN_PERCENT_HP_BONUS","is_prod":false,"is_daily":false,"chose_seed":false,"campfire_upgraded":5,"win_rate":0,"timestamp":1605744947,"path_taken":["M","M","$","M","?","R","M","E","T","E","R","M","M","M","R","BOSS","M","M","?","M","M","R","E","R","T","?","E"],"build_version":"2020-07-30","purchased_purges":0,"victory":false,"max_hp_per_floor":[82,82,82,82,92,92,92,92,92,92,92,92,92,92,92,92,92,92,92,92,95,95,95,99,99,99,103,103],"card_choices":[{"not_picked":["Headbutt","Havoc"],"picked":"Pommel Strike","floor":1.0},{"not_picked":["Thunderclap","Rampage"],"picked":"Spot Weakness","floor":2.0},{"not_picked":["Anger","Shockwave"],"picked":"Twin Strike","floor":4.0},{"not_picked":["Anger","Heavy Blade"],"picked":"Twin Strike","floor":7.0},{"not_picked":["Bloodletting","Disarm"],"picked":"Immolate","floor":8.0},{"not_picked":["Perfected Strike","Warcry"],"picked":"Twin Strike","floor":10.0},{"not_picked":["Anger","Rage"],"picked":"Power Through","floor":12.0},{"not_picked":["Headbutt","Cleave","Pommel Strike"],"picked":"SKIP","floor":13.0},{"not_picked":["Heavy Blade","Twin Strike"],"picked":"Shockwave","floor":14.0},{"not_picked":["Impervious","Exhume"],"picked":"Feed","floor":16.0},{"not_picked":["Seeing Red","Armaments+1"],"picked":"Shrug It Off","floor":18.0},{"not_picked":["Armaments","Havoc"],"picked":"Sword Boomerang","floor":19.0},{"not_picked":["Shrug It Off","Perfected Strike"],"picked":"True Grit+1","floor":21.0},{"not_picked":["Armaments","Second Wind","Clothesline"],"picked":"SKIP","floor":22.0},{"not_picked":["Brutality","Uppercut"],"picked":"Ghostly Armor","floor":24.0},{"not_picked":["Perfected Strike+1","Warcry"],"picked":"Ghostly Armor","floor":27.0}],"player_experience":1221729,"relics_obtained":[{"floor":5.0,"key":"Pear"},{"floor":8.0,"key":"Ancient Tea Set"},{"floor":9.0,"key":"Red Skull"},{"floor":10.0,"key":"Mercury Hourglass"},{"floor":24.0,"key":"Smiling Mask"},{"floor":26.0,"key":"Pocketwatch"},{"floor":27.0,"key":"Du-Vu Doll"},{"floor":27.0,"key":"Molten Egg 2"}],"event_choices":[{"cards_removed":["Strike_R"],"damage_healed":0.0,"max_hp_gain":0.0,"max_hp_loss":0.0,"gold_gain":0.0,"event_name":"Beggar","player_choice":"Gave Gold","floor":20.0,"gold_loss":75.0,"damage_taken":0.0},{"damage_healed":0.0,"max_hp_gain":0.0,"max_hp_loss":0.0,"gold_gain":0.0,"event_name":"Colosseum","player_choice":"Fight","floor":27.0,"gold_loss":0.0,"damage_taken":0.0},{"damage_healed":0.0,"max_hp_gain":0.0,"max_hp_loss":0.0,"gold_gain":0.0,"event_name":"Colosseum","player_choice":"Fought Nobs","floor":27.0,"gold_loss":0.0,"damage_taken":0.0}],"is_beta":false,"boss_relics":[{"not_picked":["SacredBark","Runic Dome"],"picked":"Runic Cube"}],"items_purged_floors":[],"is_endless":false,"potions_floor_spawned":[7,8,10,12,14,16,19,27,27],"killed_by":"Slavers","ascension_level":20}