{"gold_per_floor":[112,123,123,123,137,137,173,173,226,260,260,22,47,62,62,62],"floor_reached":16,"playtime":908,"items_purged":[],"score":220,"play_id":"227c7359-ca34-49c6-ba44-8cd837d5d699","local_time":"20201119215947","is_ascension_mode":true,"campfire_choices":[{"data":"Rampage","floor":6.0,"key":"SMITH"},{"data":"Bash","floor":11,"key":"SMITH"},{"data":"Juggernaut","floor":15,"key":"SMITH"}],"neow_cost":"NONE","seed_source_timestamp":3023989880935900,"circlet_count":0,"master_deck":["AscendersBane","Strike_R","Strike_R","Strike_R","Strike_R","Strike_R","Defend_R","Defend_R","Defend_R","Defend_R","Bash+1","Shrug It Off","Ghostly Armor","Rampage+1","Pommel Strike","Shrug It Off","Fiend Fire","Juggernaut+1","Spot Weakness"],"special_seed":0,"relics":["Burning Blood","NeowsBlessing","Golden Idol","Dream Catcher","Strawberry","Ice Cream"],"potions_floor_usage":[10],"damage_taken":[{"damage":0.0,"enemies":"Cultist","floor":1.0,"turns":1.0},{"damage":0.0,"enemies":"Jaw Worm","floor":2.0,"turns":1.0},{"damage":0.0,"enemies":"2 Louse","floor":5.0,"turns":1.0},{"damage":4.0,"enemies":"Gremlin Nob","floor":7.0,"turns":3.0},{"damage":17,"enemies":"3 Sentries","floor":10,"turns":9},{"damage":29,"enemies":"Exordium Wildlife","floor":13,"turns":6},{"damage":12,"enemies":"3 Louse","floor":14,"turns":5},{"damage":0,"enemies":"The Guardian","floor":16,"turns":2}],"seed_played":"2111838577292315788","potions_obtained":[{"floor":2.0,"key":"EntropicBrew"},{"floor":4.0,"key":"EssenceOfSteel"},{"floor":10,"key":"EssenceOfSteel"},{"floor":13,"key":"Energy Potion"}],"is_trial":false,"path_per_floor":["M","M","?","?","M","R","E","?","T","E","R","$","M","M","R","B"],"character_chosen":"IRONCLAD","items_purchased":["Fiend Fire","Juggernaut"],"campfire_rested":0,"item_purchase_floors":[12,12],"current_hp_per_floor":[74,75,49,49,55,55,57,57,64,53,53,53,30,24,24,24],"gold":62,"neow_bonus":"THREE_ENEMY_KILL","is_prod":false,"is_daily":false,"chose_seed":false,"campfire_upgraded":3,"win_rate":0,"timestamp":1605844787,"path_taken":["M","M","?","?","?","R","E","?","T","E","R","?","M","M","R","BOSS"],"build_version":"2020-07-30","purchased_purges":0,"victory":false,"max_hp_per_floor":[75,75,75,75,75,75,75,75,82,82,82,82,82,82,82,82],"card_choices":[{"not_picked":["Body Slam","Warcry"],"picked":"Shrug It Off","floor":1.0},{"not_picked":["Perfected Strike","Flex"],"picked":"Ghostly Armor","floor":2.0},{"not_picked":["Sever Soul","Twin Strike"],"picked":"Rampage","floor":5.0},{"not_picked":["Anger","Entrench"],"picked":"Pommel Strike","floor":7.0},{"not_picked":["Pommel Strike","Whirlwind"],"picked":"Shrug It Off","floor":10},{"not_picked":["Twin Strike","Seeing Red","Headbutt"],"picked":"SKIP","floor":13},{"not_picked":["Shrug It Off","Clash"],"picked":"Spot Weakness","floor":14}],"player_experience":1232117,"relics_obtained":[{"floor":7.0,"key":"Dream Catcher"},{"floor":9,"key":"Strawberry"},{"floor":10,"key":"Ice Cream"}],"event_choices":[{"damage_healed":0.0,"max_hp_gain":0.0,"max_hp_loss":0.0,"gold_gain":0.0,"event_name":"Golden Idol","player_choice":"Take Damage","floor":3.0,"gold_loss":0.0,"damage_taken":26.0,"relics_obtained":["Golden Idol"]},{"damage_healed":0.0,"max_hp_gain":0.0,"max_hp_loss":0.0,"gold_gain":0.0,"event_name":"Lab","player_choice":"Got Potions","floor":4.0,"gold_loss":0.0,"damage_taken":0.0},{"damage_healed":0,"gold_gain":0,"player_choice":"Searched \u00270\u0027 times","damage_taken":0,"max_hp_gain":0,"max_hp_loss":0,"event_name":"Dead Adventurer","floor":8,"gold_loss":0}],"is_beta":false,"boss_relics":[],"items_purged_floors":[],"is_endless":false,"potions_floor_spawned":[2,5,10,13],"killed_by":"The Guardian","ascension_level":20}