{"gold_per_floor":[112,112,125,50,70,70,109,127,127,140,160,160,185,224,224,224],"floor_reached":16,"playtime":1035,"items_purged":[],"score":228,"play_id":"89ff9158-ee85-4008-8a38-06082e60d565","local_time":"20201117220639","is_ascension_mode":true,"campfire_choices":[{"data":"Bash","floor":6,"key":"SMITH"},{"data":"Flame Barrier","floor":12,"key":"SMITH"},{"floor":15,"key":"REST"}],"neow_cost":"NONE","seed_source_timestamp":2851495391668000,"circlet_count":0,"master_deck":["AscendersBane","Strike_R","Strike_R","Strike_R","Defend_R","Defend_R","Defend_R","Defend_R","Bash+1","Shrug It Off","Sword Boomerang","Clash","Flame Barrier+1","Reaper","Sword Boomerang","Combust"],"relics":["Burning Blood","Golden Idol","Potion Belt","Bottled Flame","Dead Branch"],"potions_floor_usage":[13,14,16],"damage_taken":[{"damage":11,"enemies":"Small Slimes","floor":1,"turns":5},{"damage":8,"enemies":"Jaw Worm","floor":3,"turns":6},{"damage":4,"enemies":"Cultist","floor":5,"turns":5},{"damage":37,"enemies":"Lagavulin","floor":7,"turns":9},{"damage":5,"enemies":"Exordium Wildlife","floor":8,"turns":4},{"damage":0,"enemies":"2 Fungi Beasts","floor":10,"turns":4},{"damage":6,"enemies":"Looter","floor":11,"turns":4},{"damage":14,"enemies":"Exordium Wildlife","floor":13,"turns":5},{"damage":27,"enemies":"3 Sentries","floor":14,"turns":9},{"damage":46,"enemies":"The Guardian","floor":16,"turns":7}],"seed_played":"-6201754552498218605","potions_obtained":[{"floor":1,"key":"SpeedPotion"},{"floor":3,"key":"Fruit Juice"},{"floor":8,"key":"Explosive Potion"},{"floor":11,"key":"LiquidBronze"}],"is_trial":false,"path_per_floor":["M","?","M","?","M","R","E","M","T","M","M","R","M","E","R","B"],"character_chosen":"IRONCLAD","items_purchased":[],"campfire_rested":1,"item_purchase_floors":[],"current_hp_per_floor":[63,63,61,61,63,63,32,33,33,39,39,39,31,18,38,3],"gold":224,"neow_bonus":"REMOVE_CARD","is_prod":false,"is_daily":false,"chose_seed":false,"campfire_upgraded":2,"win_rate":0,"timestamp":1605672399,"path_taken":["M","?","M","?","M","R","E","M","T","M","M","R","M","E","R","BOSS"],"build_version":"2020-07-30","purchased_purges":0,"victory":false,"max_hp_per_floor":[75,68,68,68,68,68,68,68,68,68,68,68,68,68,68,73],"card_choices":[{"not_picked":["Dual Wield","Reckless Charge"],"picked":"Shrug It Off","floor":1},{"not_picked":["Seeing Red","Second Wind"],"picked":"Sword Boomerang","floor":3},{"not_picked":["True Grit","Reckless Charge"],"picked":"Clash","floor":5},{"not_picked":["Sever Soul","Heavy Blade"],"picked":"Flame Barrier","floor":7},{"not_picked":["Havoc","Infernal Blade","Body Slam"],"picked":"SKIP","floor":8},{"not_picked":["Warcry","Intimidate"],"picked":"Reaper","floor":10},{"not_picked":["Evolve","Rage"],"picked":"Sword Boomerang","floor":11},{"not_picked":["Clash","Perfected Strike","True Grit"],"picked":"SKIP","floor":13},{"not_picked":["Exhume","Pommel Strike"],"picked":"Combust","floor":14}],"player_experience":1219592,"relics_obtained":[{"floor":7,"key":"Potion Belt"},{"floor":9,"key":"Bottled Flame"},{"floor":14,"key":"Dead Branch"}],"event_choices":[{"damage_healed":0,"gold_gain":0,"player_choice":"Lose Max HP","damage_taken":0,"relics_obtained":["Golden Idol"],"max_hp_gain":0,"max_hp_loss":7,"event_name":"Golden Idol","floor":2,"gold_loss":0},{"cards_removed":["Strike_R"],"damage_healed":0,"gold_gain":0,"player_choice":"Card Removal","damage_taken":0,"max_hp_gain":0,"max_hp_loss":0,"event_name":"The Cleric","floor":4,"gold_loss":75}],"is_beta":false,"boss_relics":[],"items_purged_floors":[],"is_endless":false,"potions_floor_spawned":[1,3,8,11],"killed_by":"The Guardian","ascension_level":20}