{"gold_per_floor":[110,126,126,151,30,30,69,106,194,241,57,122,122,146,146,146],"floor_reached":16,"playtime":680,"items_purged":[],"score":216,"play_id":"eecdfd50-4328-4081-811d-adf817840cf5","local_time":"20201120125425","is_ascension_mode":true,"campfire_choices":[{"data":"Bash","floor":6,"key":"SMITH"},{"data":"True Grit","floor":15,"key":"SMITH"}],"neow_cost":"NONE","seed_source_timestamp":3077924860317800,"circlet_count":0,"master_deck":["AscendersBane","Strike_R","Strike_R","Strike_R","Strike_R","Strike_R","Defend_R","Defend_R","Defend_R","Defend_R","Bash+1","Feel No Pain","Carnage","Carnage","Power Through","Power Through","True Grit+1","Demon Form","Dark Embrace"],"relics":["Burning Blood","Golden Idol","Nunchaku","MawBank","StrikeDummy","The Courier","Anchor"],"potions_floor_usage":[7,8,16,16],"damage_taken":[{"damage":10,"enemies":"Small Slimes","floor":1,"turns":6},{"damage":4,"enemies":"Jaw Worm","floor":2,"turns":6},{"damage":34,"enemies":"Lagavulin","floor":7,"turns":7},{"damage":6,"enemies":"Cultist","floor":8,"turns":4},{"damage":29,"enemies":"Gremlin Nob","floor":10,"turns":4},{"damage":1,"enemies":"Blue Slaver","floor":14,"turns":4},{"damage":38,"enemies":"Slime Boss","floor":16,"turns":8}],"seed_played":"3979786726365179588","potions_obtained":[{"floor":2,"key":"Block Potion"},{"floor":7,"key":"GamblersBrew"},{"floor":13,"key":"DuplicationPotion"},{"floor":13,"key":"SneckoOil"},{"floor":14,"key":"Regen Potion"}],"is_trial":false,"path_per_floor":["M","M","?","T","$","R","E","M","T","E","$","?","?","M","R","B"],"character_chosen":"IRONCLAD","items_purchased":["Carnage","Power Through","Dark Embrace","Anchor"],"campfire_rested":0,"item_purchase_floors":[5,5,11,11],"current_hp_per_floor":[71,73,73,73,73,73,45,45,45,22,22,22,22,27,27,4],"gold":146,"neow_bonus":"TEN_PERCENT_HP_BONUS","is_prod":false,"is_daily":false,"chose_seed":false,"campfire_upgraded":2,"win_rate":0,"timestamp":1605898465,"path_taken":["M","M","?","?","$","R","E","?","T","E","$","?","?","?","R","BOSS"],"build_version":"2020-07-30","purchased_purges":0,"victory":false,"max_hp_per_floor":[82,82,74,74,74,74,74,74,74,74,74,74,74,74,74,74],"card_choices":[{"not_picked":["Flex","Heavy Blade"],"picked":"Feel No Pain","floor":1},{"not_picked":["Feel No Pain","Shockwave"],"picked":"Carnage","floor":2},{"not_picked":["Body Slam","Warcry"],"picked":"Power Through","floor":7},{"not_picked":["Bloodletting","Intimidate"],"picked":"True Grit","floor":8},{"not_picked":["Carnage","Heavy Blade"],"picked":"Demon Form","floor":10},{"not_picked":["Heavy Blade","Blood for Blood","Body Slam"],"picked":"SKIP","floor":14}],"player_experience":1233161,"relics_obtained":[{"floor":4,"key":"Nunchaku"},{"floor":7,"key":"MawBank"},{"floor":9,"key":"StrikeDummy"},{"floor":10,"key":"The Courier"}],"event_choices":[{"damage_healed":0,"gold_gain":0,"player_choice":"Lose Max HP","damage_taken":0,"relics_obtained":["Golden Idol"],"max_hp_gain":0,"max_hp_loss":8,"event_name":"Golden Idol","floor":3,"gold_loss":0},{"damage_healed":0,"gold_gain":65,"player_choice":"Gained Gold","damage_taken":0,"max_hp_gain":0,"max_hp_loss":0,"event_name":"Golden Wing","floor":12,"gold_loss":0},{"damage_healed":0,"gold_gain":0,"player_choice":"Got Potions","damage_taken":0,"max_hp_gain":0,"max_hp_loss":0,"event_name":"Lab","floor":13,"gold_loss":0}],"is_beta":false,"boss_relics":[],"items_purged_floors":[],"is_endless":false,"potions_floor_spawned":[2,7,14],"killed_by":"Slime Boss","ascension_level":20}