{"gold_per_floor":[216,55,74,93,18,18,52,64,88,88,120,120,130,142,142,213,213,229,229,229,248,264,264,298,311,311,151,167,187,87,107,107,107],"floor_reached":33,"playtime":2521,"items_purged":["Parasite","Armaments"],"score":566,"play_id":"0fdf17a2-4e06-4537-b11b-95e9c23a1a02","local_time":"20201122173552","is_ascension_mode":true,"campfire_choices":[{"data":"Blood for Blood","floor":6,"key":"SMITH"},{"data":"Immolate","floor":12,"key":"SMITH"},{"floor":15,"key":"REST"},{"data":"Disarm","floor":23,"key":"SMITH"},{"data":"Feel No Pain","floor":32,"key":"SMITH"}],"neow_cost":"NONE","seed_source_timestamp":3265770351251900,"circlet_count":0,"master_deck":["AscendersBane","Strike_R+1","Strike_R+1","Strike_R+1","Strike_R+1","Defend_R+1","Defend_R+1","Defend_R+1","Defend_R+1","Bash","Battle Trance+1","Blood for Blood+1","Immolate+1","Burning Pact","Reaper","Disarm+1","Feel No Pain+1","Shrug It Off","Dark Embrace","Disarm","Shrug It Off","Disarm+1","Feel No Pain"],"relics":["Burning Blood","Bag of Marbles","Centennial Puzzle","Pen Nib","Strawberry","Cursed Key","Question Card"],"potions_floor_usage":[11,19,28,28],"damage_taken":[{"damage":3,"enemies":"2 Louse","floor":1,"turns":4},{"damage":9,"enemies":"Jaw Worm","floor":3,"turns":4},{"damage":1,"enemies":"Small Slimes","floor":4,"turns":4},{"damage":30,"enemies":"3 Sentries","floor":7,"turns":8},{"damage":12,"enemies":"Exordium Wildlife","floor":8,"turns":2},{"damage":32,"enemies":"Lagavulin","floor":11,"turns":7},{"damage":0,"enemies":"Red Slaver","floor":13,"turns":1},{"damage":6,"enemies":"Exordium Thugs","floor":14,"turns":4},{"damage":45,"enemies":"The Guardian","floor":16,"turns":11},{"damage":9,"enemies":"2 Thieves","floor":18,"turns":3},{"damage":0,"enemies":"3 Byrds","floor":19,"turns":2},{"damage":26,"enemies":"Shelled Parasite and Fungi","floor":21,"turns":6},{"damage":12,"enemies":"3 Cultists","floor":22,"turns":4},{"damage":17,"enemies":"Gremlin Leader","floor":24,"turns":6},{"damage":12,"enemies":"Snake Plant","floor":25,"turns":6},{"damage":16,"enemies":"Sentry and Sphere","floor":28,"turns":6},{"damage":16,"enemies":"Centurion and Healer","floor":29,"turns":6},{"damage":0,"enemies":"Snake Plant","floor":31,"turns":4},{"damage":108,"enemies":"Champ","floor":33,"turns":17}],"seed_played":"1637007857338700425","potions_obtained":[{"floor":1,"key":"Swift Potion"},{"floor":3,"key":"BloodPotion"},{"floor":16,"key":"SmokeBomb"},{"floor":21,"key":"GamblersBrew"}],"is_trial":false,"path_per_floor":["M","$","M","M","?","R","E","M","T","?","E","R","M","M","R","B",null,"M","M","?","M","M","R","E","M","T","$","M","M","$","M","R","B"],"character_chosen":"IRONCLAD","items_purchased":["Bag of Marbles","Disarm"],"campfire_rested":1,"item_purchase_floors":[2,27],"current_hp_per_floor":[71,71,68,73,73,73,49,43,43,20,16,16,22,22,46,7,63,64,70,70,56,64,64,71,66,66,66,64,62,62,69,69,0],"gold":107,"neow_bonus":"HUNDRED_GOLD","is_prod":false,"is_daily":false,"chose_seed":false,"campfire_upgraded":4,"win_rate":0,"timestamp":1606088152,"path_taken":["M","$","M","M","?","R","E","M","T","?","E","R","M","M","R","BOSS","M","M","?","M","M","R","E","M","T","$","M","M","$","M","R","BOSS"],"build_version":"2020-07-30","purchased_purges":2,"victory":false,"max_hp_per_floor":[75,75,75,75,75,75,75,75,75,75,82,82,82,82,82,82,82,82,82,82,82,82,82,82,82,82,79,79,79,79,79,79,79],"card_choices":[{"not_picked":["Feel No Pain","Thunderclap"],"picked":"Battle Trance","floor":1},{"not_picked":["Intimidate","Infernal Blade"],"picked":"Blood for Blood","floor":3},{"not_picked":["Warcry","Sword Boomerang","Body Slam"],"picked":"SKIP","floor":4},{"not_picked":["Shrug It Off","Second Wind"],"picked":"Immolate","floor":7},{"not_picked":["Wild Strike","Pummel"],"picked":"Burning Pact","floor":8},{"not_picked":["Body Slam","Reckless Charge","Sever Soul"],"picked":"SKIP","floor":11},{"not_picked":["Hemokinesis","Clash"],"picked":"Armaments","floor":13},{"not_picked":["Iron Wave","Warcry","Uppercut"],"picked":"SKIP","floor":14},{"not_picked":["Juggernaut","Limit Break"],"picked":"Reaper","floor":16},{"not_picked":["Intimidate","Sentinel"],"picked":"Disarm","floor":18},{"not_picked":["Pommel Strike","Havoc"],"picked":"Feel No Pain","floor":21},{"not_picked":["Pummel+1","Body Slam","Thunderclap"],"picked":"SKIP","floor":22},{"not_picked":["Sever Soul","Flex"],"picked":"Shrug It Off","floor":24},{"not_picked":["Sever Soul+1","Clash","Fiend Fire"],"picked":"Dark Embrace","floor":25},{"not_picked":["Clash","Flex+1","Body Slam"],"picked":"Shrug It Off","floor":28},{"not_picked":["Headbutt","Metallicize","Dropkick"],"picked":"Disarm+1","floor":29},{"not_picked":["Warcry","Headbutt","Flex"],"picked":"Feel No Pain","floor":31}],"player_experience":1238310,"relics_obtained":[{"floor":7,"key":"Centennial Puzzle"},{"floor":9,"key":"Pen Nib"},{"floor":11,"key":"Strawberry"},{"floor":24,"key":"Question Card"}],"event_choices":[{"cards_removed":["Strike_R"],"damage_healed":0,"gold_gain":0,"player_choice":"Card Removal","damage_taken":0,"max_hp_gain":0,"max_hp_loss":0,"event_name":"The Cleric","floor":5,"gold_loss":75},{"damage_healed":0,"gold_gain":0,"player_choice":"Entered Light","damage_taken":23,"max_hp_gain":0,"max_hp_loss":0,"event_name":"Shining Light","floor":10,"gold_loss":0,"cards_upgraded":["Defend_R","Battle Trance"]},{"damage_healed":0,"gold_gain":0,"player_choice":"Simplicity","damage_taken":0,"max_hp_gain":0,"max_hp_loss":0,"event_name":"Back to Basics","floor":20,"gold_loss":0,"cards_upgraded":["Strike_R","Strike_R","Strike_R","Strike_R","Defend_R","Defend_R","Defend_R"]}],"is_beta":false,"boss_relics":[{"not_picked":["Empty Cage","Tiny House"],"picked":"Cursed Key"}],"items_purged_floors":[27,30],"is_endless":false,"potions_floor_spawned":[1,3,8,16,19,21,22,25],"killed_by":"Champ","ascension_level":20}