{"gold_per_floor":[11,11,27,44,71,71,91,107,107,120,131,158,158,192,192,264,264,274,68,84,95,95,95,95,95,122,122,152,171,183,194,194,267,267,284,299,1298,830,850,850,878,896,896,929,949,983,983,983,983,983,983,983,983,170,205,205],"floor_reached":56,"playtime":5472,"items_purged":["Strike_R","Normality","Pommel Strike"],"score":2092,"play_id":"3fe58e9b-04bb-4a39-9145-4e036c0bc511","local_time":"20201123123751","is_ascension_mode":true,"campfire_choices":[{"data":"Blood for Blood","floor":6,"key":"SMITH"},{"data":"Combust","floor":13,"key":"SMITH"},{"floor":15,"key":"REST"},{"data":"Strike_R","floor":23,"key":"PURGE"},{"data":"Strike_R","floor":25,"key":"PURGE"},{"data":"Strike_R","floor":27,"key":"PURGE"},{"data":"Strike_R","floor":32,"key":"PURGE"},{"data":"Normality","floor":40,"key":"PURGE"},{"floor":49,"key":"RECALL"},{"data":"Metallicize","floor":53,"key":"SMITH"}],"neow_cost":"NO_GOLD","seed_source_timestamp":41075075758300,"circlet_count":0,"master_deck":["AscendersBane","Defend_R","Defend_R","Defend_R","Defend_R","Bash","Blood for Blood+1","Combust+1","Disarm","Corruption","Shrug It Off","Battle Trance","Impervious","Combust","Entrench","Metallicize+1","Blood for Blood+1","RitualDagger","Shrug It Off","Dropkick","Shrug It Off","Ghostly Armor","Pommel Strike+1","Dark Embrace+1","Dropkick","Blind"],"relics":["Burning Blood","Bird Faced Urn","Pen Nib","Mummified Hand","Peace Pipe","Tiny Chest","Runic Pyramid","Red Skull","Ornamental Fan","Coffee Dripper","Singing Bowl","CaptainsWheel","Question Card","Pear","Akabeko","Bottled Lightning","Sundial","Happy Flower"],"potions_floor_usage":[16,42,50,55,56],"damage_taken":[{"damage":8,"enemies":"Cultist","floor":1,"turns":5},{"damage":10,"enemies":"Small Slimes","floor":3,"turns":4},{"damage":7,"enemies":"Jaw Worm","floor":4,"turns":4},{"damage":8,"enemies":"2 Fungi Beasts","floor":7,"turns":4},{"damage":13,"enemies":"Blue Slaver","floor":8,"turns":3},{"damage":12,"enemies":"3 Louse","floor":10,"turns":4},{"damage":8,"enemies":"Exordium Wildlife","floor":11,"turns":3},{"damage":30,"enemies":"Gremlin Nob","floor":12,"turns":4},{"damage":29,"enemies":"3 Sentries","floor":14,"turns":5},{"damage":55,"enemies":"Hexaghost","floor":16,"turns":11},{"damage":22,"enemies":"3 Byrds","floor":18,"turns":4},{"damage":6,"enemies":"Chosen","floor":20,"turns":5},{"damage":4,"enemies":"Snake Plant","floor":21,"turns":5},{"damage":39,"enemies":"Slavers","floor":28,"turns":5},{"damage":13,"enemies":"Sentry and Sphere","floor":29,"turns":5},{"damage":14,"enemies":"Cultist and Chosen","floor":30,"turns":5},{"damage":1,"enemies":"Snecko","floor":31,"turns":4},{"damage":14,"enemies":"Automaton","floor":33,"turns":8},{"damage":6,"enemies":"Orb Walker","floor":35,"turns":4},{"damage":1,"enemies":"3 Shapes","floor":36,"turns":4},{"damage":16,"enemies":"Jaw Worm Horde","floor":39,"turns":5},{"damage":9,"enemies":"Reptomancer","floor":41,"turns":6},{"damage":11,"enemies":"3 Darklings","floor":42,"turns":4},{"damage":46,"enemies":"Nemesis","floor":44,"turns":9},{"damage":11,"enemies":"Writhing Mass","floor":45,"turns":6},{"damage":8,"enemies":"Giant Head","floor":46,"turns":6},{"damage":16,"enemies":"Time Eater","floor":50,"turns":5},{"damage":37,"enemies":"Awakened One","floor":51,"turns":7},{"damage":26,"enemies":"Shield and Spear","floor":55,"turns":5},{"damage":77,"enemies":"The Heart","floor":56,"turns":6}],"seed_played":"-7866116297126313990","potions_obtained":[{"floor":3,"key":"ElixirPotion"},{"floor":4,"key":"SpeedPotion"},{"floor":11,"key":"FairyPotion"},{"floor":18,"key":"GamblersBrew"},{"floor":30,"key":"Weak Potion"},{"floor":31,"key":"EssenceOfSteel"},{"floor":36,"key":"Fruit Juice"},{"floor":42,"key":"FearPotion"},{"floor":55,"key":"Explosive Potion"}],"is_trial":false,"path_per_floor":["M","$","M","M","T","R","M","M","T","M","M","E","R","E","R","B",null,"M","$","M","M","?","R","$","R","T","R","E","M","M","M","R","B",null,"M","M","?","$","M","R","E","M","T","E","M","E","?","T","R","B","B",null,"R","$","E","B"],"character_chosen":"IRONCLAD","items_purchased":["Entrench","Metallicize","Singing Bowl","Ghostly Armor","Bottled Lightning","Sundial","Blind","AttackPotion"],"campfire_rested":1,"item_purchase_floors":[19,19,38,38,54,54,54,54],"current_hp_per_floor":[66,66,62,61,61,61,61,56,56,52,52,30,30,11,33,10,59,47,47,55,65,59,59,59,59,59,59,34,35,35,48,48,48,68,74,75,75,75,73,73,78,83,83,50,53,71,71,71,71,71,50,85,85,85,77,10],"gold":205,"neow_bonus":"ONE_RARE_RELIC","is_prod":false,"is_daily":false,"chose_seed":false,"campfire_upgraded":3,"win_rate":0,"timestamp":1606156671,"path_taken":["M","$","M","M","?","R","M","M","T","M","M","E","R","E","R","BOSS","M","$","M","M","?","R","$","R","T","R","E","M","M","M","R","BOSS","M","M","?","$","M","R","E","M","T","E","M","E","?","?","R","BOSS","BOSS","R","$","E","BOSS"],"build_version":"2020-07-30","purchased_purges":3,"victory":false,"max_hp_per_floor":[75,75,75,75,75,75,75,75,75,75,75,75,75,75,75,75,75,75,75,75,75,75,75,75,75,75,75,75,75,75,75,75,75,75,75,75,75,75,77,77,79,84,84,86,86,96,96,96,96,96,96,96,96,96,98,98],"card_choices":[{"not_picked":["Iron Wave","Second Wind"],"picked":"Blood for Blood","floor":1},{"not_picked":["Clash","Havoc"],"picked":"Pommel Strike","floor":3},{"not_picked":["Perfected Strike","Sever Soul"],"picked":"Combust","floor":4},{"not_picked":["Dropkick","Thunderclap","Second Wind"],"picked":"SKIP","floor":7},{"not_picked":["Cleave","Perfected Strike"],"picked":"Disarm","floor":8},{"not_picked":["Iron Wave","Carnage"],"picked":"Corruption","floor":10},{"not_picked":["Perfected Strike","Sword Boomerang"],"picked":"Shrug It Off","floor":11},{"not_picked":["Armaments","Body Slam","Iron Wave"],"picked":"SKIP","floor":12},{"not_picked":["Fire Breathing","Ghostly Armor"],"picked":"Battle Trance","floor":14},{"not_picked":["Bludgeon","Feed"],"picked":"Impervious","floor":16},{"not_picked":["Whirlwind","Power Through"],"picked":"Combust","floor":18},{"not_picked":["Headbutt","Pommel Strike","Thunderclap"],"picked":"SKIP","floor":20},{"not_picked":["Reckless Charge+1","Armaments"],"picked":"Blood for Blood+1","floor":21},{"not_picked":["Carnage","Infernal Blade"],"picked":"Shrug It Off","floor":28},{"not_picked":["Uppercut+1","Iron Wave","Thunderclap"],"picked":"SKIP","floor":29},{"not_picked":["Havoc","Armaments"],"picked":"Dropkick","floor":30},{"not_picked":["Warcry","Inflame","Bloodletting"],"picked":"SKIP","floor":31},{"not_picked":["Entrench","Thunderclap+1"],"picked":"Shrug It Off","floor":35},{"not_picked":["True Grit","Spot Weakness","Cleave"],"picked":"SKIP","floor":36},{"not_picked":["Juggernaut","Headbutt","Flex+1"],"picked":"Singing Bowl","floor":39},{"not_picked":["Evolve","Heavy Blade+1","Bloodletting"],"picked":"Singing Bowl","floor":41},{"not_picked":["Warcry+1","Anger"],"picked":"Pommel Strike+1","floor":42},{"not_picked":["Metallicize","Thunderclap","Demon Form"],"picked":"Singing Bowl","floor":44},{"not_picked":["Fire Breathing+1","Armaments","Clash"],"picked":"Dark Embrace+1","floor":45},{"not_picked":["Pommel Strike+1","Perfected Strike","Clash"],"picked":"Dropkick","floor":46},{"not_picked":["Reaper","Headbutt+1","Havoc+1","Warcry+1"],"picked":"Singing Bowl","floor":55}],"player_experience":1240831,"relics_obtained":[{"floor":5,"key":"Pen Nib"},{"floor":9,"key":"Mummified Hand"},{"floor":12,"key":"Peace Pipe"},{"floor":14,"key":"Tiny Chest"},{"floor":26,"key":"Red Skull"},{"floor":28,"key":"Ornamental Fan"},{"floor":41,"key":"CaptainsWheel"},{"floor":44,"key":"Question Card"},{"floor":46,"key":"Pear"},{"floor":48,"key":"Akabeko"},{"floor":55,"key":"Happy Flower"}],"event_choices":[{"damage_healed":0,"gold_gain":0,"player_choice":"Joined the Cult","damage_taken":6,"max_hp_gain":0,"max_hp_loss":0,"event_name":"Nest","floor":22,"gold_loss":0,"cards_obtained":["RitualDagger"]},{"damage_healed":0,"gold_gain":999,"player_choice":"Gold","damage_taken":0,"max_hp_gain":0,"max_hp_loss":0,"event_name":"MindBloom","floor":37,"gold_loss":0,"cards_obtained":["Normality","Normality"]},{"damage_healed":0,"gold_gain":0,"player_choice":"Ignored","damage_taken":0,"max_hp_gain":0,"max_hp_loss":0,"event_name":"Tomb of Lord Red Mask","floor":47,"gold_loss":0}],"is_beta":false,"boss_relics":[{"not_picked":["Mark of Pain","Sozu"],"picked":"Runic Pyramid"},{"not_picked":["Black Blood","Calling Bell"],"picked":"Coffee Dripper"}],"items_purged_floors":[19,38,54],"is_endless":false,"potions_floor_spawned":[3,4,7,11,18,30,31,36,42,44,45,46,55],"killed_by":"The Heart","ascension_level":20}