{"gold_per_floor":[116,130,141,141,154,154,182,22,47,79,98,128,144,173,173,250,250,270,283,293,218,218,218,253,253,253,18,43,43,53,83,83,161,161,180,18,32,44,44,76,76,104,113,113],"floor_reached":44,"playtime":4746,"items_purged":["Pain","Normality"],"score":1162,"play_id":"96a34b42-17c1-43a0-9911-e105aa476674","local_time":"20201125124953","is_ascension_mode":true,"campfire_choices":[{"data":"Whirlwind","floor":6.0,"key":"SMITH"},{"data":"Spot Weakness","floor":15.0,"key":"SMITH"},{"data":"Demon Form","floor":23.0,"key":"SMITH"},{"data":"Flame Barrier","floor":25.0,"key":"SMITH"},{"data":"Feel No Pain","floor":32.0,"key":"SMITH"}],"neow_cost":"NONE","seed_source_timestamp":0,"circlet_count":0,"master_deck":["AscendersBane","Strike_R+1","Strike_R+1","Strike_R+1","Strike_R+1","Defend_R+1","Defend_R+1","Defend_R+1","Defend_R+1","Bash+1","Whirlwind+1","Armaments","Intimidate","Rampage","Shockwave","Uppercut+1","Spot Weakness+1","Battle Trance","Ghostly Armor","Demon Form+1","Flame Barrier+1","Corruption","Pummel","Burning Pact","Feel No Pain+1","True Grit","Sword Boomerang","Feed","Whirlwind+1","True Grit+1","Whirlwind+1","Injury"],"special_seed":0,"relics":["Burning Blood","WarpedTongs","Vajra","Whetstone","Potion Belt","Self Forming Clay","Gremlin Horn","Cursed Key","Darkstone Periapt","Ornamental Fan","Pantograph","MutagenicStrength","Matryoshka","SacredBark","Chemical X","Molten Egg 2","CeramicFish","StrikeDummy"],"potions_floor_usage":[42,44],"damage_taken":[{"damage":9.0,"enemies":"2 Louse","floor":1.0,"turns":4.0},{"damage":12.0,"enemies":"Cultist","floor":2.0,"turns":4.0},{"damage":2.0,"enemies":"Small Slimes","floor":3.0,"turns":4.0},{"damage":5.0,"enemies":"Looter","floor":5.0,"turns":3.0},{"damage":32.0,"enemies":"Lagavulin","floor":7.0,"turns":7.0},{"damage":6.0,"enemies":"Gremlin Nob","floor":10.0,"turns":3.0},{"damage":13.0,"enemies":"Large Slime","floor":11.0,"turns":4.0},{"damage":13.0,"enemies":"3 Sentries","floor":12.0,"turns":4.0},{"damage":0.0,"enemies":"3 Louse","floor":13.0,"turns":1.0},{"damage":8.0,"enemies":"Gremlin Nob","floor":14.0,"turns":3.0},{"damage":24.0,"enemies":"Hexaghost","floor":16.0,"turns":8.0},{"damage":0.0,"enemies":"3 Byrds","floor":18.0,"turns":2.0},{"damage":16.0,"enemies":"2 Thieves","floor":19.0,"turns":3.0},{"damage":0.0,"enemies":"Centurion and Healer","floor":20.0,"turns":4.0},{"damage":8.0,"enemies":"Book of Stabbing","floor":24.0,"turns":4.0},{"damage":8.0,"enemies":"Slavers","floor":28.0,"turns":4.0},{"damage":0.0,"enemies":"Snake Plant","floor":30.0,"turns":1.0},{"damage":0.0,"enemies":"Gremlin Leader","floor":31.0,"turns":4.0},{"damage":32.0,"enemies":"Collector","floor":33.0,"turns":7.0},{"damage":16,"enemies":"3 Darklings","floor":35,"turns":5},{"damage":6,"enemies":"3 Shapes","floor":37,"turns":8},{"damage":0,"enemies":"3 Darklings","floor":38,"turns":1},{"damage":29,"enemies":"Nemesis","floor":40,"turns":9},{"damage":11,"enemies":"Reptomancer","floor":42,"turns":5},{"damage":29,"enemies":"Nemesis","floor":44,"turns":11}],"seed_played":"2592545414206206905","potions_obtained":[{"floor":3.0,"key":"PowerPotion"},{"floor":5.0,"key":"BlessingOfTheForge"},{"floor":10.0,"key":"DuplicationPotion"},{"floor":13.0,"key":"Strength Potion"},{"floor":16.0,"key":"Weak Potion"},{"floor":19.0,"key":"AttackPotion"},{"floor":24.0,"key":"DistilledChaos"},{"floor":28.0,"key":"LiquidMemories"},{"floor":30.0,"key":"BlessingOfTheForge"},{"floor":37,"key":"Swift Potion"}],"is_trial":false,"path_per_floor":["M","M","M","?","M","R","E","$","T","E","M","E","M","E","R","B",null,"M","M","M","?","?","R","E","R","T","$","E","?","M","E","R","B",null,"M","$","M","M","?","E","$","E","T","E"],"character_chosen":"IRONCLAD","items_purchased":["Uppercut","Feel No Pain","True Grit","Chemical X"],"campfire_rested":0,"item_purchase_floors":[8,27,27,36],"current_hp_per_floor":[65,59,63,63,64,64,38,38,38,38,31,24,30,28,28,10,59,65,55,61,61,61,61,59,59,65,65,63,63,69,75,75,55,75,65,65,65,71,71,51,51,46,52,23],"gold":113,"neow_bonus":"UPGRADE_CARD","is_prod":false,"is_daily":false,"chose_seed":false,"campfire_upgraded":5,"win_rate":0,"timestamp":1606330193,"path_taken":["M","M","M","?","?","R","E","$","T","E","M","E","M","E","R","BOSS","BOSS","M","M","M","?","?","R","E","R","T","$","E","?","M","E","R","BOSS","M","$","M","M","?","E","$","E","T","E"],"build_version":"2020-07-30","purchased_purges":2,"victory":false,"max_hp_per_floor":[75,75,75,75,75,75,75,75,75,75,75,75,75,75,75,75,75,75,75,75,75,75,75,75,75,81,81,81,81,81,81,81,81,81,81,81,81,81,81,84,84,84,90,90],"card_choices":[{"not_picked":["Sword Boomerang","Flame Barrier"],"picked":"Whirlwind","floor":1.0},{"not_picked":["Headbutt","Thunderclap"],"picked":"Armaments","floor":2.0},{"not_picked":["Iron Wave","Seeing Red"],"picked":"Intimidate","floor":3.0},{"not_picked":["Rupture","Sentinel"],"picked":"Rampage","floor":5.0},{"not_picked":["Flex","Fire Breathing"],"picked":"Shockwave","floor":7.0},{"not_picked":["Wild Strike","Havoc"],"picked":"Spot Weakness","floor":10.0},{"not_picked":["True Grit","Iron Wave"],"picked":"Battle Trance","floor":11.0},{"not_picked":["True Grit","Heavy Blade"],"picked":"Ghostly Armor","floor":12.0},{"not_picked":["Sword Boomerang","Perfected Strike"],"picked":"Demon Form","floor":13.0},{"not_picked":["Iron Wave","Cleave"],"picked":"Flame Barrier","floor":14.0},{"not_picked":["Exhume","Immolate"],"picked":"Corruption","floor":16.0},{"not_picked":["Perfected Strike","Armaments+1","Clash"],"picked":"SKIP","floor":18.0},{"not_picked":["Headbutt","Twin Strike","Fire Breathing"],"picked":"SKIP","floor":19.0},{"not_picked":["Cleave","Clash"],"picked":"Pummel","floor":20.0},{"not_picked":["Corruption","Whirlwind"],"picked":"Burning Pact","floor":24.0},{"not_picked":["Thunderclap+1","Iron Wave"],"picked":"Sword Boomerang","floor":28.0},{"not_picked":["Clash","Second Wind","Dual Wield"],"picked":"SKIP","floor":30.0},{"not_picked":["Rupture","Armaments","Twin Strike"],"picked":"SKIP","floor":31.0},{"not_picked":["Bludgeon","Exhume"],"picked":"Feed","floor":33.0},{"not_picked":["Body Slam+1","Shrug It Off+1"],"picked":"Whirlwind+1","floor":35},{"not_picked":["Searing Blow+1","Rupture","Sentinel"],"picked":"SKIP","floor":37},{"not_picked":["Shrug It Off","Thunderclap"],"picked":"True Grit+1","floor":38},{"not_picked":["Heavy Blade+1","Perfected Strike+1","Searing Blow+1"],"picked":"SKIP","floor":40},{"not_picked":["Headbutt+1","Fire Breathing","Bloodletting"],"picked":"SKIP","floor":42}],"player_experience":1249534,"relics_obtained":[{"floor":7.0,"key":"Vajra"},{"floor":9.0,"key":"Whetstone"},{"floor":10.0,"key":"Potion Belt"},{"floor":12.0,"key":"Self Forming Clay"},{"floor":14.0,"key":"Gremlin Horn"},{"floor":24.0,"key":"Darkstone Periapt"},{"floor":26.0,"key":"Ornamental Fan"},{"floor":28.0,"key":"Pantograph"},{"floor":31.0,"key":"Matryoshka"},{"floor":40,"key":"Molten Egg 2"},{"floor":42,"key":"CeramicFish"},{"floor":43,"key":"StrikeDummy"}],"event_choices":[{"damage_healed":0.0,"max_hp_gain":0.0,"max_hp_loss":0.0,"gold_gain":0.0,"event_name":"Accursed Blacksmith","player_choice":"Rummage","floor":4.0,"gold_loss":0.0,"damage_taken":0.0,"relics_obtained":["WarpedTongs"],"cards_obtained":["Pain"]},{"cards_removed":["Strike_R"],"damage_healed":0.0,"max_hp_gain":0.0,"max_hp_loss":0.0,"gold_gain":0.0,"event_name":"Beggar","player_choice":"Gave Gold","floor":21.0,"gold_loss":75.0,"damage_taken":0.0},{"damage_healed":0.0,"max_hp_gain":0.0,"max_hp_loss":0.0,"gold_gain":0.0,"event_name":"Back to Basics","player_choice":"Simplicity","floor":22.0,"gold_loss":0.0,"damage_taken":0.0,"cards_upgraded":["Strike_R","Strike_R","Strike_R","Defend_R","Defend_R","Defend_R","Defend_R"]},{"damage_healed":0.0,"max_hp_gain":0.0,"max_hp_loss":0.0,"gold_gain":0.0,"event_name":"Drug Dealer","player_choice":"Inject Mutagens","floor":29.0,"gold_loss":0.0,"damage_taken":0.0,"relics_obtained":["MutagenicStrength"]},{"damage_healed":0,"gold_gain":0,"player_choice":"Copied","damage_taken":0,"max_hp_gain":0,"max_hp_loss":0,"event_name":"Duplicator","floor":39,"gold_loss":0,"cards_obtained":["Whirlwind"]}],"is_beta":false,"boss_relics":[{"not_picked":["Calling Bell","Runic Pyramid"],"picked":"Cursed Key"},{"not_picked":["SlaversCollar","Astrolabe"],"picked":"SacredBark"}],"items_purged_floors":[8,27],"is_endless":false,"potions_floor_spawned":[3,5,10,13,16,19,24,28,30,37],"killed_by":"Nemesis","ascension_level":20}