{"gold_per_floor":[110,121,121,131,144,144,173,173,173,1,1,13,88,105,105,105],"floor_reached":16,"playtime":683,"items_purged":[],"score":204,"play_id":"0cccf67b-c815-48c0-95b2-005f1784f571","local_time":"20201122120424","is_ascension_mode":true,"campfire_choices":[{"data":"Bash","floor":6.0,"key":"SMITH"},{"floor":8.0,"key":"DIG"},{"floor":15,"key":"DIG"}],"neow_cost":"NONE","seed_source_timestamp":3247684191755000,"circlet_count":0,"master_deck":["AscendersBane","Strike_R","Strike_R","Strike_R","Strike_R","Defend_R","Defend_R","Defend_R","Defend_R","Bash+1","Cleave","Anger","Bludgeon","Power Through","Second Wind"],"special_seed":0,"relics":["Burning Blood","Shovel","HornCleat","Magic Flower","Akabeko","Lizard Tail"],"potions_floor_usage":[],"damage_taken":[{"damage":2.0,"enemies":"Cultist","floor":1.0,"turns":4.0},{"damage":5.0,"enemies":"Small Slimes","floor":2.0,"turns":3.0},{"damage":0.0,"enemies":"2 Louse","floor":4.0,"turns":3.0},{"damage":19.0,"enemies":"Large Slime","floor":5.0,"turns":7.0},{"damage":20.0,"enemies":"3 Sentries","floor":7.0,"turns":8.0},{"damage":3.0,"enemies":"Blue Slaver","floor":12.0,"turns":3.0},{"damage":6,"enemies":"Looter","floor":14,"turns":3},{"damage":11,"enemies":"The Guardian","floor":16,"turns":5}],"seed_played":"-8979777004235692261","potions_obtained":[{"floor":4.0,"key":"ColorlessPotion"},{"floor":12,"key":"Weak Potion"},{"floor":14,"key":"LiquidMemories"}],"is_trial":false,"path_per_floor":["M","M","?","M","M","R","E","R","T","$","?","M","?","M","R","B"],"character_chosen":"IRONCLAD","items_purchased":["Akabeko"],"campfire_rested":0,"item_purchase_floors":[10],"current_hp_per_floor":[79,80,80,82,69,69,55,55,55,55,55,61,50,53,53,42],"gold":105,"neow_bonus":"TEN_PERCENT_HP_BONUS","is_prod":false,"is_daily":false,"chose_seed":false,"campfire_upgraded":1,"win_rate":0,"timestamp":1606068264,"path_taken":["M","M","?","M","?","R","E","R","T","$","?","M","?","M","R","BOSS"],"build_version":"2020-07-30","purchased_purges":0,"victory":false,"max_hp_per_floor":[82,82,82,82,82,82,82,82,82,82,82,82,82,82,82,82],"card_choices":[{"not_picked":["Sword Boomerang","Iron Wave"],"picked":"Cleave","floor":1.0},{"not_picked":["Body Slam","Burning Pact"],"picked":"Anger","floor":2.0},{"not_picked":["Clash","Intimidate"],"picked":"Bludgeon","floor":4.0},{"not_picked":["Warcry","Wild Strike"],"picked":"Power Through","floor":5.0},{"not_picked":["Armaments","Seeing Red"],"picked":"Second Wind","floor":7.0},{"not_picked":["Clothesline","True Grit","Infernal Blade"],"picked":"SKIP","floor":12},{"not_picked":["Sever Soul","Clothesline","Wild Strike"],"picked":"SKIP","floor":14}],"player_experience":1237025,"relics_obtained":[{"floor":7.0,"key":"Shovel"},{"floor":8.0,"key":"HornCleat"},{"floor":9.0,"key":"Magic Flower"},{"floor":15,"key":"Lizard Tail"}],"event_choices":[{"cards_removed":["Strike_R"],"damage_healed":0.0,"max_hp_gain":0.0,"max_hp_loss":0.0,"gold_gain":0.0,"event_name":"Bonfire Elementals","player_choice":"Offered Basic","floor":3.0,"gold_loss":0.0,"damage_taken":0.0},{"damage_healed":0.0,"max_hp_gain":0.0,"max_hp_loss":0.0,"gold_gain":0.0,"event_name":"Dead Adventurer","player_choice":"Searched \u00270\u0027 times","floor":11.0,"gold_loss":0.0,"damage_taken":0.0},{"damage_healed":0,"gold_gain":75,"player_choice":"Gather Gold","damage_taken":11,"max_hp_gain":0,"max_hp_loss":0,"event_name":"World of Goop","floor":13,"gold_loss":0}],"is_beta":false,"boss_relics":[],"items_purged_floors":[],"is_endless":false,"potions_floor_spawned":[4,12,14],"killed_by":"The Guardian","ascension_level":20}