{"gold_per_floor":[117,128,53,53,128,128,147,159,159,185,197,229,243,256,256,327,327,342,22,22,37,37,67,67,67,114,143,161,161,0,13,13,13],"floor_reached":33,"playtime":1539,"items_purged":[],"score":594,"play_id":"f7f0042b-0966-48e7-8e15-d859838d858e","local_time":"20201213120307","is_ascension_mode":true,"campfire_choices":[{"data":"Carnage","floor":6.0,"key":"SMITH"},{"data":"Immolate","floor":15.0,"key":"SMITH"},{"data":"Intimidate","floor":24.0,"key":"SMITH"},{"floor":32,"key":"REST"}],"neow_cost":"NONE","seed_source_timestamp":1464148393156100,"circlet_count":0,"master_deck":["AscendersBane","Strike_R","Strike_R","Strike_R","Strike_R","Defend_R","Defend_R","Defend_R","Defend_R","Bash+1","Anger","Carnage+1","Intimidate+1","Immolate+1","Flame Barrier","Ghostly Armor","Disarm","Impervious","Battle Trance","RitualDagger","Cleave+1","Shrug It Off+1"],"special_seed":0,"relics":["Burning Blood","Meat on the Bone","Letter Opener","Ginger","Sozu","TungstenRod","Mercury Hourglass","Strawberry","Happy Flower"],"potions_floor_usage":[31],"damage_taken":[{"damage":11.0,"enemies":"Small Slimes","floor":1.0,"turns":6.0},{"damage":9.0,"enemies":"2 Louse","floor":2.0,"turns":2.0},{"damage":7.0,"enemies":"Jaw Worm","floor":7.0,"turns":3.0},{"damage":2.0,"enemies":"3 Louse","floor":8.0,"turns":4.0},{"damage":8.0,"enemies":"Gremlin Nob","floor":10.0,"turns":3.0},{"damage":0.0,"enemies":"Large Slime","floor":11.0,"turns":4.0},{"damage":25.0,"enemies":"3 Sentries","floor":12.0,"turns":6.0},{"damage":12.0,"enemies":"Blue Slaver","floor":13.0,"turns":3.0},{"damage":4.0,"enemies":"3 Louse","floor":14.0,"turns":2.0},{"damage":33.0,"enemies":"The Guardian","floor":16.0,"turns":11.0},{"damage":21.0,"enemies":"Shell Parasite","floor":18.0,"turns":5.0},{"damage":20.0,"enemies":"Spheric Guardian","floor":21.0,"turns":4.0},{"damage":25.0,"enemies":"Slavers","floor":23.0,"turns":4.0},{"damage":40.0,"enemies":"Gremlin Leader","floor":27.0,"turns":9.0},{"damage":11.0,"enemies":"Centurion and Healer","floor":28.0,"turns":7.0},{"damage":4,"enemies":"Snecko","floor":31,"turns":6},{"damage":3,"enemies":"Automaton","floor":33,"turns":6}],"seed_played":"-2123924412748557943","potions_obtained":[{"floor":2.0,"key":"SkillPotion"},{"floor":8.0,"key":"PowerPotion"},{"floor":11.0,"key":"EssenceOfSteel"}],"is_trial":false,"path_per_floor":["M","M","?","$","?","R","M","M","T","E","M","E","M","M","R","B",null,"M","$","?","M","?","E","R","?","T","E","M","?","?","M","R","B"],"character_chosen":"IRONCLAD","items_purchased":["TungstenRod"],"campfire_rested":1,"item_purchase_floors":[19],"current_hp_per_floor":[63,60,60,60,49,49,48,52,52,50,56,49,55,57,57,42,67,52,52,52,50,50,43,43,38,45,23,30,7,7,21,47,44],"gold":13,"neow_bonus":"UPGRADE_CARD","is_prod":false,"is_daily":false,"chose_seed":false,"campfire_upgraded":3,"win_rate":0,"timestamp":1607882587,"path_taken":["M","M","?","$","?","R","M","M","T","E","M","E","M","M","R","BOSS","M","$","?","M","?","E","R","?","T","E","?","?","?","M","R","BOSS"],"build_version":"2020-11-30","purchased_purges":0,"victory":false,"max_hp_per_floor":[75,75,75,75,75,75,75,75,75,75,75,75,75,75,75,75,75,75,75,75,75,75,75,75,75,82,82,82,87,87,87,87,87],"card_choices":[{"not_picked":["Flex","Headbutt"],"picked":"Anger","floor":1.0},{"not_picked":["True Grit","Pummel"],"picked":"Carnage","floor":2.0},{"not_picked":["Cleave","Combust"],"picked":"Intimidate","floor":7.0},{"not_picked":["Havoc","Dual Wield","Heavy Blade"],"picked":"SKIP","floor":8.0},{"not_picked":["Cleave","Reckless Charge"],"picked":"Immolate","floor":10.0},{"not_picked":["Armaments","Twin Strike"],"picked":"Flame Barrier","floor":11.0},{"not_picked":["Armaments","Intimidate","Flex"],"picked":"SKIP","floor":12.0},{"not_picked":["True Grit","Evolve"],"picked":"Ghostly Armor","floor":13.0},{"not_picked":["Wild Strike","Limit Break"],"picked":"Disarm","floor":14.0},{"not_picked":["Fiend Fire","Barricade"],"picked":"Impervious","floor":16.0},{"not_picked":["Sword Boomerang","Reckless Charge+1","Sever Soul"],"picked":"SKIP","floor":18.0},{"not_picked":["Body Slam","Cleave","Havoc"],"picked":"SKIP","floor":21.0},{"not_picked":["Wild Strike","Berserk","Burning Pact"],"picked":"SKIP","floor":23.0},{"not_picked":["Headbutt","Seeing Red","Perfected Strike"],"picked":"SKIP","floor":27.0},{"not_picked":["Pummel","Entrench"],"picked":"Cleave+1","floor":28.0},{"not_picked":["Bloodletting","Demon Form"],"picked":"Shrug It Off+1","floor":31}],"player_experience":1283692,"relics_obtained":[{"floor":9.0,"key":"Meat on the Bone"},{"floor":10.0,"key":"Letter Opener"},{"floor":12.0,"key":"Ginger"},{"floor":23.0,"key":"Mercury Hourglass"},{"floor":26.0,"key":"Strawberry"},{"floor":27.0,"key":"Happy Flower"}],"event_choices":[{"cards_removed":["Strike_R"],"damage_healed":0.0,"max_hp_gain":0.0,"max_hp_loss":0.0,"gold_gain":0.0,"event_name":"The Cleric","player_choice":"Card Removal","floor":3.0,"gold_loss":75.0,"damage_taken":0.0},{"damage_healed":0.0,"max_hp_gain":0.0,"max_hp_loss":0.0,"gold_gain":75.0,"event_name":"World of Goop","player_choice":"Gather Gold","floor":5.0,"gold_loss":0.0,"damage_taken":11.0},{"damage_healed":0.0,"max_hp_gain":0.0,"max_hp_loss":0.0,"gold_gain":0.0,"event_name":"The Library","player_choice":"Read","floor":20.0,"gold_loss":0.0,"damage_taken":0.0,"cards_obtained":["Battle Trance"]},{"damage_healed":0.0,"max_hp_gain":0.0,"max_hp_loss":0.0,"gold_gain":0.0,"event_name":"Nest","player_choice":"Joined the Cult","floor":25.0,"gold_loss":0.0,"damage_taken":6.0,"cards_obtained":["RitualDagger"]},{"damage_healed":0.0,"max_hp_gain":5.0,"max_hp_loss":0.0,"gold_gain":0.0,"event_name":"Forgotten Altar","player_choice":"Shed Blood","floor":29.0,"gold_loss":0.0,"damage_taken":29.0},{"damage_healed":0,"gold_gain":0,"player_choice":"Paid Fearfully","damage_taken":0,"max_hp_gain":0,"max_hp_loss":0,"event_name":"Masked Bandits","floor":30,"gold_loss":161}],"is_beta":false,"boss_relics":[{"not_picked":["Philosopher\u0027s Stone","SacredBark"],"picked":"Sozu"}],"items_purged_floors":[],"is_endless":false,"potions_floor_spawned":[2,8,11,13,14,18,21,27],"killed_by":"Automaton","ascension_level":20}