{"gold_per_floor":[116,136,153,153,24,24,75,75,75,111,131,131],"floor_reached":12,"playtime":518,"items_purged":["Strike_R"],"score":156,"play_id":"5ea3c4d7-0e04-4c4f-9053-8aa85e7de34c","local_time":"20201212120723","is_ascension_mode":true,"campfire_choices":[{"data":"Bash","floor":6,"key":"SMITH"}],"neow_cost":"NONE","seed_source_timestamp":1379199600125000,"circlet_count":0,"master_deck":["AscendersBane","Strike_R","Strike_R","Strike_R","Strike_R","Defend_R","Defend_R","Defend_R","Defend_R","Bash+1","Twin Strike","Shockwave","Intimidate","Shrug It Off","Disarm"],"relics":["Burning Blood","Dream Catcher","Golden Idol","HornCleat","Letter Opener","Question Card"],"potions_floor_usage":[10,12,12],"damage_taken":[{"damage":7,"enemies":"2 Louse","floor":1,"turns":4},{"damage":4,"enemies":"Jaw Worm","floor":2,"turns":4},{"damage":2,"enemies":"Cultist","floor":3,"turns":4},{"damage":42,"enemies":"Gremlin Nob","floor":10,"turns":5},{"damage":0,"enemies":"Exordium Thugs","floor":11,"turns":4},{"damage":15,"enemies":"3 Sentries","floor":12,"turns":8}],"seed_played":"-3365709819766192181","potions_obtained":[{"floor":2,"key":"Explosive Potion"},{"floor":10,"key":"Block Potion"},{"floor":11,"key":"SneckoOil"}],"is_trial":false,"path_per_floor":["M","M","M","?","$","R","?","T","T","E","M","E"],"character_chosen":"IRONCLAD","items_purchased":["Shrug It Off"],"campfire_rested":0,"item_purchase_floors":[5],"current_hp_per_floor":[67,69,73,47,47,47,47,47,47,11,17,2],"gold":131,"neow_bonus":"RANDOM_COMMON_RELIC","is_prod":false,"is_daily":false,"chose_seed":false,"campfire_upgraded":1,"win_rate":0,"timestamp":1607796443,"path_taken":["M","M","M","?","$","R","?","?","T","E","M","E"],"build_version":"2020-11-30","purchased_purges":1,"victory":false,"max_hp_per_floor":[75,75,75,75,75,75,75,75,75,75,75,75],"card_choices":[{"not_picked":["Burning Pact","Perfected Strike"],"picked":"Twin Strike","floor":1},{"not_picked":["Sever Soul","Searing Blow"],"picked":"Shockwave","floor":2},{"not_picked":["Searing Blow","Headbutt"],"picked":"Intimidate","floor":3},{"not_picked":["Evolve","Bloodletting","Infernal Blade"],"picked":"SKIP","floor":10},{"not_picked":["Spot Weakness","Uppercut","Rupture"],"picked":"Disarm","floor":11}],"player_experience":1281120,"relics_obtained":[{"floor":8,"key":"HornCleat"},{"floor":9,"key":"Letter Opener"},{"floor":10,"key":"Question Card"}],"event_choices":[{"damage_healed":0,"gold_gain":0,"player_choice":"Take Damage","damage_taken":26,"relics_obtained":["Golden Idol"],"max_hp_gain":0,"max_hp_loss":0,"event_name":"Golden Idol","floor":4,"gold_loss":0},{"damage_healed":0,"gold_gain":51,"player_choice":"Gained Gold","damage_taken":0,"max_hp_gain":0,"max_hp_loss":0,"event_name":"Golden Wing","floor":7,"gold_loss":0}],"is_beta":false,"boss_relics":[],"items_purged_floors":[5],"is_endless":false,"potions_floor_spawned":[2,10,11],"killed_by":"3 Sentries","ascension_level":20}