{"gold_per_floor":[119,31,44,59,71,71,96,96,96,96,129,129,143,159,159,159],"floor_reached":16,"playtime":713,"items_purged":[],"score":224,"play_id":"ed2fe1b6-25df-4245-94e4-294498083cff","local_time":"20201210131603","is_ascension_mode":true,"campfire_choices":[{"data":"Uppercut","floor":6,"key":"SMITH"},{"data":"Wild Strike","floor":8,"key":"SMITH"},{"data":"Feel No Pain","floor":12,"key":"SMITH"},{"data":"True Grit","floor":15,"key":"SMITH"}],"neow_cost":"TEN_PERCENT_HP_LOSS","seed_source_timestamp":1210321601964300,"circlet_count":0,"master_deck":["AscendersBane","Strike_R","Strike_R","Strike_R","Strike_R","Strike_R","Defend_R","Defend_R","Defend_R","Defend_R","Bash","Offering","Feel No Pain+1","Uppercut+1","Wild Strike+1","Cleave","Power Through","Ghostly Armor","True Grit+1","Impervious"],"relics":["Burning Blood","Nunchaku","Self Forming Clay","Champion Belt"],"potions_floor_usage":[7,16],"damage_taken":[{"damage":7,"enemies":"Cultist","floor":1,"turns":3},{"damage":0,"enemies":"2 Louse","floor":3,"turns":3},{"damage":8,"enemies":"Small Slimes","floor":4,"turns":2},{"damage":11,"enemies":"Looter","floor":5,"turns":4},{"damage":12,"enemies":"Gremlin Nob","floor":7,"turns":3},{"damage":30,"enemies":"Lagavulin","floor":11,"turns":4},{"damage":12,"enemies":"Blue Slaver","floor":13,"turns":3},{"damage":7,"enemies":"Exordium Thugs","floor":14,"turns":4},{"damage":27,"enemies":"The Guardian","floor":16,"turns":13}],"seed_played":"-6907323339332609482","potions_obtained":[{"floor":1,"key":"Energy Potion"},{"floor":3,"key":"GamblersBrew"},{"floor":11,"key":"DistilledChaos"}],"is_trial":false,"path_per_floor":["M","$","M","M","M","R","E","R","T","?","E","R","M","M","R","B"],"character_chosen":"IRONCLAD","items_purchased":["Uppercut","Wild Strike"],"campfire_rested":0,"item_purchase_floors":[2,2],"current_hp_per_floor":[67,67,68,66,61,61,55,55,55,60,36,36,30,29,29,2],"gold":159,"neow_bonus":"THREE_RARE_CARDS","is_prod":false,"is_daily":false,"chose_seed":false,"campfire_upgraded":4,"win_rate":0,"timestamp":1607627763,"path_taken":["M","?","M","M","?","R","E","R","T","?","E","R","M","M","R","BOSS"],"build_version":"2020-11-30","purchased_purges":0,"victory":false,"max_hp_per_floor":[68,68,68,68,68,68,68,68,68,73,73,73,73,73,73,73],"card_choices":[{"not_picked":["Double Tap","Bludgeon"],"picked":"Offering","floor":0},{"not_picked":["Burning Pact","Dark Embrace"],"picked":"Feel No Pain","floor":1},{"not_picked":["Iron Wave","Sword Boomerang"],"picked":"Cleave","floor":3},{"not_picked":["Uppercut","Thunderclap","Fire Breathing"],"picked":"SKIP","floor":4},{"not_picked":["Sentinel","Havoc"],"picked":"Power Through","floor":5},{"not_picked":["Iron Wave","Sever Soul","Sentinel"],"picked":"SKIP","floor":7},{"not_picked":["Anger","Warcry"],"picked":"Ghostly Armor","floor":11},{"not_picked":["Warcry","Iron Wave"],"picked":"True Grit","floor":13},{"not_picked":["Twin Strike","Rupture"],"picked":"Impervious","floor":14}],"player_experience":1264757,"relics_obtained":[{"floor":7,"key":"Nunchaku"},{"floor":9,"key":"Self Forming Clay"},{"floor":11,"key":"Champion Belt"}],"event_choices":[{"damage_healed":0,"gold_gain":0,"player_choice":"Donut","damage_taken":0,"max_hp_gain":5,"max_hp_loss":0,"event_name":"Big Fish","floor":10,"gold_loss":0}],"is_beta":false,"boss_relics":[],"items_purged_floors":[],"is_endless":false,"potions_floor_spawned":[1,3,11,14],"killed_by":"The Guardian","ascension_level":20}