{"gold_per_floor":[117,137,137,148,61,88,88,104,130,164,176,263,275,300,312,399,411,439,466,492,6,6,37,37,37,91,191,62,62,78,78],"floor_reached":31,"playtime":1770,"items_purged":["Strike_R"],"score":526,"play_id":"5815b5cd-fd08-461a-a092-72a1a533859c","local_time":"20201214113056","is_ascension_mode":true,"campfire_choices":[{"data":"Combust","floor":7.0,"key":"SMITH"},{"data":"Barricade","floor":15.0,"key":"SMITH"},{"floor":24,"key":"REST"},{"data":"Inflame","floor":29,"key":"SMITH"}],"neow_cost":"NONE","seed_source_timestamp":0,"circlet_count":0,"master_deck":["AscendersBane","Strike_R","Strike_R","Defend_R","Defend_R","Defend_R","Defend_R","Bash+1","Anger","Evolve","Armaments","Pummel","Combust+1","Barricade+1","Carnage","Juggernaut","Intimidate","Decay","Inflame+1","RitualDagger","Shockwave+1","Shrug It Off"],"special_seed":0,"relics":["Burning Blood","Akabeko","Orichalcum","MawBank","Empty Cage","Pocketwatch","Red Skull","Regal Pillow","Blood Vial","Magic Flower","Singing Bowl"],"potions_floor_usage":[31],"damage_taken":[{"damage":9.0,"enemies":"Jaw Worm","floor":1.0,"turns":5.0},{"damage":1.0,"enemies":"Cultist","floor":2.0,"turns":3.0},{"damage":11.0,"enemies":"2 Louse","floor":4.0,"turns":3.0},{"damage":25.0,"enemies":"3 Sentries","floor":6.0,"turns":6.0},{"damage":0.0,"enemies":"Exordium Wildlife","floor":8.0,"turns":2.0},{"damage":21.0,"enemies":"Gremlin Nob","floor":10.0,"turns":4.0},{"damage":0.0,"enemies":"Looter","floor":14.0,"turns":2.0},{"damage":27.0,"enemies":"The Guardian","floor":16.0,"turns":13.0},{"damage":8,"enemies":"Chosen","floor":18,"turns":3},{"damage":21,"enemies":"Spheric Guardian","floor":19,"turns":4},{"damage":26,"enemies":"Chosen and Byrds","floor":20,"turns":6},{"damage":13,"enemies":"Gremlin Leader","floor":23,"turns":8},{"damage":19,"enemies":"Colosseum Slavers","floor":27,"turns":4},{"damage":19,"enemies":"Colosseum Nobs","floor":27,"turns":4},{"damage":16,"enemies":"Centurion and Healer","floor":30,"turns":5},{"damage":19,"enemies":"3 Cultists","floor":31,"turns":4}],"seed_played":"7379128817025200195","potions_obtained":[{"floor":6.0,"key":"Dexterity Potion"},{"floor":8.0,"key":"Regen Potion"},{"floor":10.0,"key":"EntropicBrew"},{"floor":19,"key":"Block Potion"},{"floor":20,"key":"Dexterity Potion"},{"floor":27,"key":"LiquidMemories"},{"floor":30,"key":"CultistPotion"}],"is_trial":false,"path_per_floor":["M","M","?","M","$","E","R","M","T","E","?","?","?","M","R","B",null,"M","M","M","$","?","E","R","?","T","?","$","R","M","M"],"character_chosen":"IRONCLAD","items_purchased":["Combust","Pocketwatch","Red Skull","Shrug It Off"],"campfire_rested":1,"item_purchase_floors":[5,21,21,28],"current_hp_per_floor":[65,70,70,65,65,46,46,52,52,37,37,26,26,32,32,11,59,57,42,22,22,22,15,52,46,46,24,24,24,22,6],"gold":78,"neow_bonus":"UPGRADE_CARD","is_prod":false,"is_daily":false,"chose_seed":false,"campfire_upgraded":3,"win_rate":0,"timestamp":1607967056,"path_taken":["M","M","?","M","$","E","R","?","T","E","?","?","?","M","R","BOSS","M","M","M","$","?","E","R","?","T","?","?","R","M","M"],"build_version":"2020-12-13","purchased_purges":1,"victory":false,"max_hp_per_floor":[75,75,75,75,75,75,75,75,75,75,75,75,75,75,75,75,75,75,75,75,75,75,75,75,75,75,75,75,75,77,77],"card_choices":[{"not_picked":["Sword Boomerang","Power Through"],"picked":"Anger","floor":1.0},{"not_picked":["Intimidate","Flex"],"picked":"Evolve","floor":2.0},{"not_picked":["Perfected Strike","Warcry"],"picked":"Pummel","floor":4.0},{"not_picked":["Feel No Pain","Dark Embrace"],"picked":"Barricade","floor":6.0},{"not_picked":["Headbutt","Clash","Havoc"],"picked":"SKIP","floor":8.0},{"not_picked":["Rage","Iron Wave","Thunderclap"],"picked":"SKIP","floor":10.0},{"not_picked":["Second Wind","Armaments"],"picked":"Carnage","floor":14.0},{"not_picked":["Limit Break","Exhume"],"picked":"Juggernaut","floor":16.0},{"not_picked":["Warcry","Intimidate","Dark Embrace"],"picked":"SKIP","floor":18},{"not_picked":["Warcry","Dark Embrace"],"picked":"Intimidate","floor":18},{"not_picked":["Infernal Blade","Cleave","Shockwave"],"picked":"SKIP","floor":19},{"not_picked":["Wild Strike","Perfected Strike","Clash"],"picked":"SKIP","floor":20},{"not_picked":["Exhume","Havoc"],"picked":"Inflame","floor":23},{"not_picked":["Twin Strike","Pommel Strike"],"picked":"Shockwave+1","floor":27},{"not_picked":["Cleave","Body Slam","Clothesline"],"picked":"Singing Bowl","floor":30}],"player_experience":1285936,"relics_obtained":[{"floor":6.0,"key":"Akabeko"},{"floor":9.0,"key":"Orichalcum"},{"floor":10.0,"key":"MawBank"},{"floor":23,"key":"Regal Pillow"},{"floor":26,"key":"Blood Vial"},{"floor":27,"key":"Magic Flower"},{"floor":27,"key":"Singing Bowl"}],"event_choices":[{"damage_healed":0.0,"max_hp_gain":0.0,"max_hp_loss":0.0,"gold_gain":0.0,"event_name":"Match and Keep!","player_choice":"1 cards matched","floor":3.0,"gold_loss":0.0,"damage_taken":0.0,"cards_obtained":["Armaments"]},{"damage_healed":0.0,"max_hp_gain":0.0,"max_hp_loss":0.0,"gold_gain":0.0,"event_name":"Liars Game","player_choice":"Ignored","floor":11.0,"gold_loss":0.0,"damage_taken":0.0},{"damage_healed":0.0,"max_hp_gain":0.0,"max_hp_loss":0.0,"gold_gain":75.0,"event_name":"World of Goop","player_choice":"Gather Gold","floor":12.0,"gold_loss":0.0,"damage_taken":11.0},{"damage_healed":0.0,"max_hp_gain":0.0,"max_hp_loss":0.0,"gold_gain":0.0,"event_name":"Dead Adventurer","player_choice":"Searched \u00270\u0027 times","floor":13.0,"gold_loss":0.0,"damage_taken":0.0},{"damage_healed":0,"gold_gain":0,"player_choice":"Smashed Altar","damage_taken":0,"max_hp_gain":0,"max_hp_loss":0,"event_name":"Forgotten Altar","floor":22,"gold_loss":0,"cards_obtained":["Decay"]},{"damage_healed":0,"gold_gain":0,"player_choice":"Joined the Cult","damage_taken":6,"max_hp_gain":0,"max_hp_loss":0,"event_name":"Nest","floor":25,"gold_loss":0,"cards_obtained":["RitualDagger"]},{"damage_healed":0,"gold_gain":0,"player_choice":"Fight","damage_taken":0,"max_hp_gain":0,"max_hp_loss":0,"event_name":"Colosseum","floor":27,"gold_loss":0},{"damage_healed":0,"gold_gain":0,"player_choice":"Fought Nobs","damage_taken":0,"max_hp_gain":0,"max_hp_loss":0,"event_name":"Colosseum","floor":27,"gold_loss":0}],"is_beta":false,"boss_relics":[{"not_picked":["Runic Cube","Pandora\u0027s Box"],"picked":"Empty Cage"}],"items_purged_floors":[28],"is_endless":false,"potions_floor_spawned":[6,8,10,14,19,20,27,27,30],"killed_by":"3 Cultists","ascension_level":20}