{"gold_per_floor":[113,113,131,142,154,170,170,8,8,83,108,108,108,135,135,207,207,226,226,245,7,7,36,36,36,90,90,190,190,30,30,30,107,107,125,25,25,41,57,89,101,134,161,161,180,210,26,44,44,44],"floor_reached":50,"playtime":9077,"items_purged":["Strike_R","Strike_R","Strike_R"],"score":1202,"play_id":"8d35169a-ea4a-4107-9cb1-2d9cf80f583b","local_time":"20201211133114","is_ascension_mode":true,"campfire_choices":[{"data":"Blood for Blood","floor":7.0,"key":"SMITH"},{"data":"Fiend Fire","floor":13.0,"key":"SMITH"},{"data":"Wild Strike","floor":15.0,"key":"SMITH"},{"data":"Shockwave","floor":24.0,"key":"SMITH"},{"data":"Spot Weakness","floor":27.0,"key":"SMITH"},{"data":"Reaper","floor":29.0,"key":"SMITH"},{"data":"Shrug It Off","floor":32.0,"key":"SMITH"},{"data":"Fiend Fire","floor":44,"key":"SMITH"},{"floor":49,"key":"RECALL"}],"neow_cost":"PERCENT_DAMAGE","seed_source_timestamp":0,"circlet_count":0,"master_deck":["AscendersBane","Strike_R","Defend_R","Defend_R","Defend_R","Defend_R","Bash","Blood for Blood+1","Iron Wave","Wild Strike+1","Twin Strike","Shockwave+1","Fiend Fire+1","Anger","Shame","Spot Weakness+1","Reaper+1","Shrug It Off+1","Double Tap+1","Seeing Red+1","Sword Boomerang+1","Madness+1","Madness+1","Dark Embrace+1","Shrug It Off+1","Fiend Fire+1","Disarm+1","Flame Barrier+1","Intimidate+1","True Grit+1","Flame Barrier+1","Flex+1"],"special_seed":0,"relics":["Burning Blood","Du-Vu Doll","Potion Belt","Toy Ornithopter","Pantograph","Runic Pyramid","StoneCalendar","Blood Vial","Bottled Lightning","MealTicket","Prayer Wheel","InkBottle","Happy Flower","Toxic Egg 2","Philosopher\u0027s Stone","CaptainsWheel","HornCleat","Self Forming Clay"],"potions_floor_usage":[42,50],"damage_taken":[{"damage":9.0,"enemies":"Jaw Worm","floor":1.0,"turns":5.0},{"damage":7.0,"enemies":"Cultist","floor":3.0,"turns":4.0},{"damage":3.0,"enemies":"2 Louse","floor":4.0,"turns":3.0},{"damage":0.0,"enemies":"Large Slime","floor":5.0,"turns":4.0},{"damage":8.0,"enemies":"Blue Slaver","floor":6.0,"turns":3.0},{"damage":24.0,"enemies":"Gremlin Nob","floor":11.0,"turns":4.0},{"damage":35.0,"enemies":"Lagavulin","floor":14.0,"turns":6.0},{"damage":46.0,"enemies":"The Guardian","floor":16.0,"turns":9.0},{"damage":8.0,"enemies":"Chosen","floor":18.0,"turns":4.0},{"damage":1.0,"enemies":"Spheric Guardian","floor":20.0,"turns":3.0},{"damage":10.0,"enemies":"Book of Stabbing","floor":23.0,"turns":2.0},{"damage":24.0,"enemies":"Slavers","floor":25.0,"turns":2.0},{"damage":18.0,"enemies":"Colosseum Slavers","floor":28.0,"turns":3.0},{"damage":7.0,"enemies":"Colosseum Nobs","floor":28.0,"turns":4.0},{"damage":56,"enemies":"Champ","floor":33,"turns":9},{"damage":9,"enemies":"Orb Walker","floor":35,"turns":2},{"damage":24,"enemies":"3 Darklings","floor":38,"turns":4},{"damage":1,"enemies":"Transient","floor":39,"turns":6},{"damage":0,"enemies":"Giant Head","floor":40,"turns":4},{"damage":36,"enemies":"Jaw Worm Horde","floor":41,"turns":3},{"damage":24,"enemies":"Reptomancer","floor":42,"turns":4},{"damage":15,"enemies":"3 Darklings","floor":45,"turns":3},{"damage":8,"enemies":"Nemesis","floor":46,"turns":3},{"damage":18,"enemies":"Sphere and 2 Shapes","floor":48,"turns":4},{"damage":94,"enemies":"Donu and Deca","floor":50,"turns":9}],"seed_played":"2207727843350001228","potions_obtained":[{"floor":1.0,"key":"SkillPotion"},{"floor":6.0,"key":"FairyPotion"},{"floor":20.0,"key":"SmokeBomb"},{"floor":28.0,"key":"SneckoOil"},{"floor":33,"key":"FearPotion"},{"floor":39,"key":"SkillPotion"},{"floor":41,"key":"Weak Potion"},{"floor":48,"key":"DuplicationPotion"}],"is_trial":false,"path_per_floor":["M","?","M","M","M","M","R","$","T","?","E","?","R","E","R","B",null,"M","?","M","$","?","E","R","E","T","R","?","R","$","T","R","B",null,"M","$","?","M","M","E","M","E","T","R","M","E","$","M","R","B"],"character_chosen":"IRONCLAD","items_purchased":["Fiend Fire","Blood Vial","Happy Flower","Flex+1"],"campfire_rested":0,"item_purchase_floors":[8,21,30,47],"current_hp_per_floor":[47,47,46,49,55,53,53,53,53,42,24,24,24,28,28,13,60,58,58,63,63,42,45,45,34,34,34,43,43,58,58,58,40,70,80,80,66,80,80,80,80,80,80,80,80,78,80,68,68,12],"gold":44,"neow_bonus":"ONE_RARE_RELIC","is_prod":false,"is_daily":false,"chose_seed":false,"campfire_upgraded":8,"win_rate":0,"timestamp":1607715074,"path_taken":["M","?","M","M","M","?","R","$","T","?","E","?","R","E","R","BOSS","M","?","M","$","?","E","R","E","T","R","?","R","?","?","R","BOSS","M","$","?","M","M","E","M","E","T","R","M","E","$","M","R","BOSS"],"build_version":"2020-11-30","purchased_purges":3,"victory":false,"max_hp_per_floor":[75,75,75,75,75,75,75,75,75,75,75,75,75,75,75,75,75,75,75,75,75,80,80,80,80,80,80,80,80,80,80,80,80,80,80,80,80,80,80,80,80,80,80,80,80,80,80,80,80,80],"card_choices":[{"not_picked":["Thunderclap","Rupture"],"picked":"Blood for Blood","floor":1.0},{"not_picked":["Perfected Strike","Warcry"],"picked":"Iron Wave","floor":3.0},{"not_picked":["Flex","Heavy Blade"],"picked":"Wild Strike","floor":4.0},{"not_picked":["Warcry","Thunderclap"],"picked":"Twin Strike","floor":5.0},{"not_picked":["Clothesline","Anger"],"picked":"Shockwave","floor":6.0},{"not_picked":["Twin Strike","Bludgeon","Perfected Strike"],"picked":"SKIP","floor":11.0},{"not_picked":["Carnage","Rupture","Body Slam"],"picked":"SKIP","floor":14.0},{"not_picked":["Combust","Pommel Strike"],"picked":"Anger","floor":18.0},{"not_picked":["Hemokinesis","Cleave"],"picked":"Spot Weakness","floor":20.0},{"not_picked":["Cleave","Shrug It Off"],"picked":"Reaper","floor":23.0},{"not_picked":["Blood for Blood+1","Iron Wave"],"picked":"Shrug It Off","floor":28.0},{"not_picked":["Juggernaut","Berserk"],"picked":"Double Tap+1","floor":33},{"not_picked":["Thunderclap","Warcry+1"],"picked":"Seeing Red+1","floor":35},{"not_picked":["Uppercut","Cleave"],"picked":"Sword Boomerang+1","floor":35},{"not_picked":["Reckless Charge","Ghostly Armor+1"],"picked":"Dark Embrace+1","floor":38},{"not_picked":["Pommel Strike","Body Slam","Fire Breathing"],"picked":"SKIP","floor":38},{"not_picked":["Pummel","Power Through+1"],"picked":"Shrug It Off+1","floor":39},{"not_picked":["Cleave","Dropkick"],"picked":"Fiend Fire","floor":39},{"not_picked":["Dual Wield+1","Whirlwind"],"picked":"Disarm+1","floor":40},{"not_picked":["Perfected Strike","Pommel Strike+1"],"picked":"Flame Barrier+1","floor":41},{"not_picked":["Pummel+1","Perfected Strike"],"picked":"Intimidate+1","floor":41},{"not_picked":["Sentinel+1","Havoc+1","Iron Wave+1"],"picked":"SKIP","floor":42},{"not_picked":["Shrug It Off+1","Fire Breathing"],"picked":"True Grit+1","floor":45},{"not_picked":["Whirlwind","Cleave","Heavy Blade+1"],"picked":"SKIP","floor":45},{"not_picked":["Flex+1","Clash"],"picked":"Flame Barrier+1","floor":46},{"not_picked":["Inflame","Body Slam","Anger"],"picked":"SKIP","floor":48},{"not_picked":["Cleave","Berserk","Warcry+1"],"picked":"SKIP","floor":48}],"player_experience":1265470,"relics_obtained":[{"floor":9.0,"key":"Potion Belt"},{"floor":11.0,"key":"Toy Ornithopter"},{"floor":14.0,"key":"Pantograph"},{"floor":23.0,"key":"Bottled Lightning"},{"floor":26.0,"key":"MealTicket"},{"floor":28.0,"key":"Prayer Wheel"},{"floor":28.0,"key":"InkBottle"},{"floor":31.0,"key":"Toxic Egg 2"},{"floor":40,"key":"CaptainsWheel"},{"floor":42,"key":"HornCleat"},{"floor":46,"key":"Self Forming Clay"}],"event_choices":[{"cards_removed":["Strike_R"],"damage_healed":0.0,"max_hp_gain":0.0,"max_hp_loss":0.0,"gold_gain":0.0,"event_name":"Bonfire Elementals","player_choice":"Offered Basic","floor":2.0,"gold_loss":0.0,"damage_taken":0.0},{"damage_healed":0.0,"max_hp_gain":0.0,"max_hp_loss":0.0,"gold_gain":75.0,"event_name":"World of Goop","player_choice":"Gather Gold","floor":10.0,"gold_loss":0.0,"damage_taken":11.0},{"damage_healed":0.0,"max_hp_gain":0.0,"max_hp_loss":0.0,"gold_gain":0.0,"event_name":"Scrap Ooze","player_choice":"Fled","floor":12.0,"gold_loss":0.0,"damage_taken":0.0},{"damage_healed":0.0,"max_hp_gain":0.0,"max_hp_loss":0.0,"gold_gain":0.0,"event_name":"Addict","player_choice":"Stole Relic","floor":19.0,"gold_loss":0.0,"damage_taken":0.0,"relics_obtained":["StoneCalendar"],"cards_obtained":["Shame"]},{"damage_healed":0.0,"max_hp_gain":5.0,"max_hp_loss":0.0,"gold_gain":0.0,"event_name":"Forgotten Altar","player_choice":"Shed Blood","floor":22.0,"gold_loss":0.0,"damage_taken":26.0},{"damage_healed":0.0,"max_hp_gain":0.0,"max_hp_loss":0.0,"gold_gain":0.0,"event_name":"Colosseum","player_choice":"Fight","floor":28.0,"gold_loss":0.0,"damage_taken":0.0},{"damage_healed":0.0,"max_hp_gain":0.0,"max_hp_loss":0.0,"gold_gain":0.0,"event_name":"Colosseum","player_choice":"Fought Nobs","floor":28.0,"gold_loss":0.0,"damage_taken":0.0},{"damage_healed":0,"gold_gain":0,"player_choice":"Embrace Madness","damage_taken":14,"max_hp_gain":0,"max_hp_loss":0,"event_name":"Winding Halls","floor":37,"gold_loss":0,"cards_obtained":["Madness","Madness"]}],"is_beta":false,"boss_relics":[{"not_picked":["Runic Cube","Coffee Dripper"],"picked":"Runic Pyramid"},{"not_picked":["Black Blood","SlaversCollar"],"picked":"Philosopher\u0027s Stone"}],"items_purged_floors":[21,36,47],"is_endless":false,"potions_floor_spawned":[1,6,20,28,28,33,39,41,48],"killed_by":"Donu and Deca","ascension_level":20}