{"gold_per_floor":[116,129,129,145,156,189,189,218,218,228,260,260,274,300,300,377,377,390,401,291,45,56,87,87,112,139,152,152,169,169,182,182,259,259,276,295,50,50,50,83,83,113,113,143,143,163,195,225,237,249,261,273,285,173,200,200],"floor_reached":57,"playtime":4374,"items_purged":["Decay","Strike_R"],"score":3014,"play_id":"50e35706-02a8-41bc-8eac-4d9b24efc814","local_time":"20201211150103","is_ascension_mode":true,"campfire_choices":[{"data":"Feed","floor":7.0,"key":"SMITH"},{"data":"True Grit","floor":12.0,"key":"SMITH"},{"data":"Shockwave","floor":15.0,"key":"SMITH"},{"data":"Fiend Fire","floor":24,"key":"SMITH"},{"data":"Sword Boomerang","floor":28,"key":"SMITH"},{"data":"Flame Barrier","floor":32,"key":"SMITH"},{"data":"Shrug It Off","floor":41,"key":"SMITH"},{"data":"Cleave","floor":45,"key":"SMITH"},{"floor":49,"key":"RECALL"},{"data":"Bash","floor":53,"key":"SMITH"}],"neow_cost":"CURSE","seed_source_timestamp":1299313306829600,"circlet_count":0,"master_deck":["AscendersBane","Strike_R","Strike_R","Defend_R","Defend_R+1","Defend_R+1","Defend_R","Bash+1","True Grit+1","Shrug It Off+1","Anger","Cleave+1","Feed+1","Sword Boomerang+1","Shockwave+1","Reaper+1","Fiend Fire+1","Uppercut+1","Heavy Blade+1","Flame Barrier+1","Shrug It Off+1","Barricade","Shrug It Off+1","Entrench"],"special_seed":0,"relics":["Burning Blood","Du-Vu Doll","Potion Belt","Singing Bowl","Bird Faced Urn","Thread and Needle","Odd Mushroom","Snecko Eye","Brimstone","Vajra","War Paint","Ancient Tea Set","Coffee Dripper","Membership Card","Oddly Smooth Stone","Kunai","Dream Catcher","Nunchaku","MawBank","Bag of Marbles"],"potions_floor_usage":[19,40,56,56,56,56],"damage_taken":[{"damage":7.0,"enemies":"Small Slimes","floor":1.0,"turns":3.0},{"damage":0.0,"enemies":"Cultist","floor":2.0,"turns":2.0},{"damage":7.0,"enemies":"Jaw Worm","floor":4.0,"turns":3.0},{"damage":2.0,"enemies":"3 Louse","floor":5.0,"turns":2.0},{"damage":28.0,"enemies":"Lagavulin","floor":6.0,"turns":6.0},{"damage":10.0,"enemies":"Gremlin Nob","floor":8.0,"turns":3.0},{"damage":16.0,"enemies":"Gremlin Gang","floor":10.0,"turns":4.0},{"damage":12.0,"enemies":"3 Sentries","floor":11.0,"turns":6.0},{"damage":4.0,"enemies":"Exordium Wildlife","floor":13.0,"turns":4.0},{"damage":5.0,"enemies":"The Mushroom Lair","floor":14.0,"turns":3.0},{"damage":8.0,"enemies":"Hexaghost","floor":16.0,"turns":9.0},{"damage":21,"enemies":"Spheric Guardian","floor":18,"turns":5},{"damage":25,"enemies":"3 Byrds","floor":19,"turns":5},{"damage":3,"enemies":"Centurion and Healer","floor":22,"turns":6},{"damage":36,"enemies":"Slavers","floor":23,"turns":4},{"damage":30,"enemies":"Gremlin Leader","floor":25,"turns":6},{"damage":14,"enemies":"Snake Plant","floor":27,"turns":2},{"damage":1,"enemies":"Sentry and Sphere","floor":29,"turns":3},{"damage":8,"enemies":"Shelled Parasite and Fungi","floor":31,"turns":2},{"damage":31,"enemies":"Automaton","floor":33,"turns":5},{"damage":0,"enemies":"3 Darklings","floor":35,"turns":3},{"damage":0,"enemies":"Orb Walker","floor":36,"turns":2},{"damage":9,"enemies":"Reptomancer","floor":40,"turns":3},{"damage":0,"enemies":"Giant Head","floor":42,"turns":6},{"damage":0,"enemies":"Reptomancer","floor":44,"turns":3},{"damage":0,"enemies":"Spire Growth","floor":46,"turns":3},{"damage":0,"enemies":"Nemesis","floor":47,"turns":11},{"damage":5,"enemies":"4 Shapes","floor":48,"turns":4},{"damage":19,"enemies":"Time Eater","floor":50,"turns":9},{"damage":4,"enemies":"Awakened One","floor":51,"turns":9},{"damage":87,"enemies":"Shield and Spear","floor":55,"turns":8},{"damage":82,"enemies":"The Heart","floor":56,"turns":11}],"seed_played":"1921886984683056894","potions_obtained":[{"floor":1.0,"key":"ElixirPotion"},{"floor":2.0,"key":"BloodPotion"},{"floor":6.0,"key":"Explosive Potion"},{"floor":11.0,"key":"Block Potion"},{"floor":13.0,"key":"Ancient Potion"},{"floor":16.0,"key":"Energy Potion"},{"floor":23,"key":"ElixirPotion"},{"floor":29,"key":"LiquidMemories"},{"floor":36,"key":"CultistPotion"},{"floor":40,"key":"ElixirPotion"},{"floor":48,"key":"DuplicationPotion"}],"is_trial":false,"path_per_floor":["M","M","?","M","M","E","R","E","T","M","E","R","M","?","R","B",null,"M","M","?","$","M","E","R","E","T","M","R","M","?","M","R","B",null,"M","M","$","?","?","E","R","E","T","E","R","M","E","M","R","B","B",null,"R","$","E","B",null],"character_chosen":"IRONCLAD","items_purchased":["Brimstone","Membership Card","Oddly Smooth Stone","Entrench","Dexterity Potion","SpeedPotion"],"campfire_rested":0,"item_purchase_floors":[21,37,37,54,54,54],"current_hp_per_floor":[67,73,73,72,75,53,53,51,51,45,41,41,47,50,50,48,79,68,62,62,62,95,75,75,84,84,86,86,95,95,97,97,94,113,121,123,123,123,123,120,120,125,125,127,127,129,135,141,141,130,145,145,145,145,70,10],"gold":200,"neow_bonus":"ONE_RARE_RELIC","is_prod":false,"is_daily":false,"chose_seed":false,"campfire_upgraded":9,"win_rate":0,"timestamp":1607720463,"path_taken":["M","M","?","M","M","E","R","E","T","M","E","R","?","?","R","BOSS","M","M","?","$","?","E","R","E","T","M","R","M","?","M","R","BOSS","M","M","$","?","?","E","R","E","T","E","R","?","E","M","R","BOSS","BOSS","R","$","E","BOSS"],"build_version":"2020-11-30","purchased_purges":2,"victory":true,"max_hp_per_floor":[75,75,75,75,75,75,75,77,77,81,83,83,87,89,89,89,89,91,95,95,95,101,105,105,111,111,111,111,115,115,119,119,119,119,121,123,123,123,123,123,123,125,125,127,127,129,135,141,141,141,145,145,145,145,151,151],"card_choices":[{"not_picked":["Bloodletting","Cleave"],"picked":"True Grit","floor":1.0},{"not_picked":["Intimidate","Rampage"],"picked":"Shrug It Off","floor":2.0},{"not_picked":["Heavy Blade","Body Slam"],"picked":"Anger","floor":4.0},{"not_picked":["Havoc","Wild Strike"],"picked":"Cleave","floor":5.0},{"not_picked":["Metallicize","Sword Boomerang"],"picked":"Feed","floor":6.0},{"not_picked":["Anger","Twin Strike","Hemokinesis"],"picked":"Singing Bowl","floor":8.0},{"not_picked":["Infernal Blade","Blood for Blood"],"picked":"Sword Boomerang","floor":10.0},{"not_picked":["Reckless Charge","Twin Strike","True Grit"],"picked":"Singing Bowl","floor":11.0},{"not_picked":["Flex","Perfected Strike"],"picked":"Shockwave","floor":13.0},{"not_picked":["Twin Strike","Whirlwind","Infernal Blade"],"picked":"Singing Bowl","floor":14.0},{"not_picked":["Fiend Fire","Demon Form"],"picked":"Reaper","floor":16.0},{"not_picked":["Clash","Perfected Strike","Wild Strike+1"],"picked":"Singing Bowl","floor":18},{"not_picked":["Havoc+1","Flex"],"picked":"Fiend Fire","floor":19},{"not_picked":["Armaments","Anger","Wild Strike"],"picked":"Singing Bowl","floor":22},{"not_picked":["Rampage","Clash"],"picked":"Uppercut+1","floor":23},{"not_picked":["Reckless Charge","Wild Strike","Flex"],"picked":"Singing Bowl","floor":25},{"not_picked":["Cleave","Warcry"],"picked":"Heavy Blade+1","floor":27},{"not_picked":["Searing Blow","Ghostly Armor"],"picked":"Flame Barrier","floor":29},{"not_picked":["Headbutt","Pommel Strike+1"],"picked":"Shrug It Off+1","floor":31},{"not_picked":["Reaper","Corruption"],"picked":"Barricade","floor":33},{"not_picked":["Second Wind","Iron Wave","Flex"],"picked":"Singing Bowl","floor":35},{"not_picked":["Whirlwind","Clothesline","Rupture+1"],"picked":"Singing Bowl","floor":36},{"not_picked":["Rampage","Headbutt"],"picked":"Shrug It Off+1","floor":40},{"not_picked":["Twin Strike","Infernal Blade","Cleave"],"picked":"Singing Bowl","floor":42},{"not_picked":["Combust","Fire Breathing+1","Second Wind"],"picked":"Singing Bowl","floor":44},{"not_picked":["Armaments","Combust","Rage"],"picked":"Singing Bowl","floor":46},{"not_picked":["Juggernaut","Wild Strike","Dropkick"],"picked":"Singing Bowl","floor":47},{"not_picked":["Blood for Blood","Sever Soul+1","Armaments"],"picked":"Singing Bowl","floor":48},{"not_picked":["Perfected Strike","Twin Strike","Dual Wield"],"picked":"Singing Bowl","floor":55}],"player_experience":1274547,"relics_obtained":[{"floor":6.0,"key":"Potion Belt"},{"floor":8.0,"key":"Singing Bowl"},{"floor":9.0,"key":"Bird Faced Urn"},{"floor":11.0,"key":"Thread and Needle"},{"floor":14.0,"key":"Odd Mushroom"},{"floor":23,"key":"Vajra"},{"floor":25,"key":"War Paint"},{"floor":26,"key":"Ancient Tea Set"},{"floor":40,"key":"Kunai"},{"floor":42,"key":"Dream Catcher"},{"floor":44,"key":"Nunchaku"},{"floor":47,"key":"MawBank"},{"floor":55,"key":"Bag of Marbles"}],"event_choices":[{"damage_healed":0.0,"max_hp_gain":0.0,"max_hp_loss":0.0,"gold_gain":0.0,"cards_transformed":["Strike_R"],"event_name":"Transmorgrifier","player_choice":"Transformed","floor":3.0,"gold_loss":0.0,"damage_taken":0.0,"cards_obtained":["Pummel"]},{"damage_healed":0.0,"max_hp_gain":0.0,"max_hp_loss":0.0,"gold_gain":0.0,"event_name":"Mushrooms","player_choice":"Fought Mushrooms","floor":14.0,"gold_loss":0.0,"damage_taken":0.0},{"cards_removed":["Strike_R"],"damage_healed":0,"gold_gain":0,"player_choice":"Upgrade and Remove","damage_taken":0,"max_hp_gain":0,"max_hp_loss":0,"event_name":"Designer","floor":20,"gold_loss":110,"cards_upgraded":["Reaper"]},{"damage_healed":0,"gold_gain":0,"player_choice":"Ignored","damage_taken":0,"max_hp_gain":0,"max_hp_loss":0,"event_name":"Ghosts","floor":30,"gold_loss":0},{"cards_removed":["Pummel"],"damage_healed":0,"gold_gain":0,"player_choice":"Removed Attack","damage_taken":0,"max_hp_gain":0,"max_hp_loss":0,"event_name":"Falling","floor":38,"gold_loss":0},{"damage_healed":0,"gold_gain":0,"player_choice":"Ignored","damage_taken":0,"max_hp_gain":0,"max_hp_loss":0,"event_name":"SecretPortal","floor":39,"gold_loss":0}],"is_beta":false,"boss_relics":[{"not_picked":["Runic Pyramid","SacredBark"],"picked":"Snecko Eye"},{"not_picked":["Black Blood","Cursed Key"],"picked":"Coffee Dripper"}],"items_purged_floors":[21,54],"is_endless":false,"potions_floor_spawned":[1,2,6,11,13,16,18,23,25,29,36,40,48],"ascension_level":20}