{"gold_per_floor":[109,109,123,48,48,48,48,78,102,134,152,172,204,204,204,278,278,278],"floor_reached":18,"playtime":973,"items_purged":["Pain"],"score":356,"play_id":"50c0850b-3255-4909-b9c7-1a3873e61d30","local_time":"20201210130317","is_ascension_mode":true,"campfire_choices":[{"data":"Bash","floor":7,"key":"SMITH"},{"data":"Flame Barrier","floor":15,"key":"SMITH"}],"neow_cost":"NONE","seed_source_timestamp":1209293531253000,"circlet_count":0,"master_deck":["AscendersBane","Strike_R","Strike_R","Strike_R","Strike_R","Defend_R","Defend_R","Defend_R","Defend_R","Bash+1","Shrug It Off","Cleave","Pommel Strike","Sword Boomerang+1","Battle Trance","Dropkick","Burning Pact","Flame Barrier+1","Reaper"],"relics":["Burning Blood","WarpedTongs","Regal Pillow","Red Skull","Tiny Chest","Potion Belt","Philosopher\u0027s Stone"],"potions_floor_usage":[16],"damage_taken":[{"damage":0,"enemies":"2 Louse","floor":1,"turns":2},{"damage":3,"enemies":"Cultist","floor":3,"turns":3},{"damage":24,"enemies":"3 Sentries","floor":8,"turns":6},{"damage":8,"enemies":"Gremlin Nob","floor":10,"turns":3},{"damage":12,"enemies":"Jaw Worm","floor":11,"turns":2},{"damage":4,"enemies":"Exordium Wildlife","floor":12,"turns":2},{"damage":32,"enemies":"3 Sentries","floor":13,"turns":6},{"damage":8,"enemies":"The Guardian","floor":16,"turns":10},{"damage":8,"enemies":"3 Byrds","floor":18,"turns":2}],"seed_played":"-3131365799394169577","potions_obtained":[{"floor":8,"key":"Block Potion"},{"floor":10,"key":"CultistPotion"}],"is_trial":false,"path_per_floor":["M","?","M","$","?","$","R","E","T","E","M","M","E","?","R","B",null,"M"],"character_chosen":"IRONCLAD","items_purchased":[],"campfire_rested":0,"item_purchase_floors":[],"current_hp_per_floor":[74,74,75,75,75,75,75,57,57,55,49,51,25,25,25,23,62,54],"gold":278,"neow_bonus":"THREE_CARDS","is_prod":false,"is_daily":false,"chose_seed":false,"campfire_upgraded":2,"win_rate":0,"timestamp":1607626997,"path_taken":["M","?","M","?","?","$","R","E","T","E","M","?","E","?","R","BOSS","M"],"build_version":"2020-11-30","purchased_purges":1,"victory":false,"max_hp_per_floor":[75,75,75,75,75,75,75,75,75,75,75,75,75,75,75,75,75,75],"card_choices":[{"not_picked":["Headbutt","Perfected Strike"],"picked":"Shrug It Off","floor":0},{"not_picked":["Armaments","Feel No Pain"],"picked":"Cleave","floor":1},{"not_picked":["Perfected Strike","Flex"],"picked":"Pommel Strike","floor":3},{"not_picked":["Uppercut","Havoc"],"picked":"Battle Trance","floor":8},{"not_picked":["Havoc","Thunderclap"],"picked":"Dropkick","floor":10},{"not_picked":["Iron Wave","Pommel Strike"],"picked":"Burning Pact","floor":11},{"not_picked":["Thunderclap","Clothesline"],"picked":"Flame Barrier","floor":12},{"not_picked":["Blood for Blood","Infernal Blade","Rampage"],"picked":"SKIP","floor":13},{"not_picked":["Offering","Exhume"],"picked":"Reaper","floor":16}],"player_experience":1263784,"relics_obtained":[{"floor":8,"key":"Regal Pillow"},{"floor":9,"key":"Red Skull"},{"floor":10,"key":"Tiny Chest"},{"floor":13,"key":"Potion Belt"}],"event_choices":[{"damage_healed":0,"gold_gain":0,"player_choice":"Rummage","damage_taken":0,"relics_obtained":["WarpedTongs"],"max_hp_gain":0,"max_hp_loss":0,"event_name":"Accursed Blacksmith","floor":2,"gold_loss":0,"cards_obtained":["Pain"]},{"damage_healed":0,"gold_gain":0,"cards_transformed":["Strike_R"],"player_choice":"Transformed","damage_taken":0,"max_hp_gain":0,"max_hp_loss":0,"event_name":"Transmorgrifier","floor":5,"gold_loss":0,"cards_obtained":["Sword Boomerang"]},{"damage_healed":0,"gold_gain":0,"player_choice":"Grow","damage_taken":0,"max_hp_gain":0,"max_hp_loss":0,"event_name":"Living Wall","floor":14,"gold_loss":0,"cards_upgraded":["Sword Boomerang"]}],"is_beta":false,"boss_relics":[{"not_picked":["Astrolabe","Calling Bell"],"picked":"Philosopher\u0027s Stone"}],"items_purged_floors":[4],"is_endless":false,"potions_floor_spawned":[8,10,12],"killed_by":"3 Byrds","ascension_level":20}