{"gold_per_floor":[112,125,125,136,136,136,156,167,193,143,177,102,117,129,129,230,230,230,230,230,130,130,130,130,130,130,130,130,130,5,5,5,5,5,5,5,5,5,5,5,5,5,5,5,5,5,5,5,5,5],"floor_reached":51,"playtime":2156,"items_purged":["Strike_R","Cleave","Anger"],"score":938,"play_id":"1c798f22-be5a-4172-a631-57d7bf0573a5","local_time":"20201214174431","is_ascension_mode":true,"campfire_choices":[{"data":"Rampage","floor":6.0,"key":"SMITH"},{"data":"Bash","floor":15.0,"key":"SMITH"},{"floor":25.0,"key":"REST"},{"data":"Immolate","floor":28,"key":"SMITH"},{"floor":32,"key":"REST"},{"floor":47,"key":"REST"},{"floor":49,"key":"REST"}],"neow_cost":"TEN_PERCENT_HP_LOSS","seed_source_timestamp":1570559499483600,"circlet_count":0,"master_deck":["Defend_R+1","Bash+1","Rampage+1","Battle Trance+1","Dual Wield+1"],"special_seed":0,"relics":["Burning Blood","Nunchaku","Boot","Ectoplasm","Akabeko","Toy Ornithopter","White Beast Statue","Nilry\u0027s Codex","Fusion Hammer","Bag of Marbles","Shuriken","Letter Opener"],"potions_floor_usage":[33,33,40,42,50,50],"damage_taken":[{"damage":0.0,"enemies":"2 Louse","floor":1.0,"turns":3.0},{"damage":6.0,"enemies":"Cultist","floor":2.0,"turns":3.0},{"damage":0.0,"enemies":"Small Slimes","floor":4.0,"turns":2.0},{"damage":0.0,"enemies":"2 Fungi Beasts","floor":7.0,"turns":2.0},{"damage":16.0,"enemies":"Large Slime","floor":8.0,"turns":3.0},{"damage":14.0,"enemies":"Gremlin Nob","floor":11.0,"turns":3.0},{"damage":2.0,"enemies":"Looter","floor":13.0,"turns":2.0},{"damage":5.0,"enemies":"3 Louse","floor":14.0,"turns":2.0},{"damage":10.0,"enemies":"Hexaghost","floor":16.0,"turns":5.0},{"damage":9.0,"enemies":"Shell Parasite","floor":18.0,"turns":4.0},{"damage":19.0,"enemies":"3 Byrds","floor":19.0,"turns":4.0},{"damage":17.0,"enemies":"Book of Stabbing","floor":23.0,"turns":3.0},{"damage":27.0,"enemies":"Shelled Parasite and Fungi","floor":24.0,"turns":3.0},{"damage":20,"enemies":"Centurion and Healer","floor":31,"turns":2},{"damage":9,"enemies":"Champ","floor":33,"turns":5},{"damage":0,"enemies":"3 Shapes","floor":35,"turns":1},{"damage":7,"enemies":"Orb Walker","floor":36,"turns":2},{"damage":5,"enemies":"Giant Head","floor":40,"turns":4},{"damage":30,"enemies":"Reptomancer","floor":42,"turns":3},{"damage":24,"enemies":"Jaw Worm Horde","floor":44,"turns":2},{"damage":0,"enemies":"Transient","floor":45,"turns":5},{"damage":1,"enemies":"3 Darklings","floor":46,"turns":2},{"damage":0,"enemies":"Sphere and 2 Shapes","floor":48,"turns":3},{"damage":32,"enemies":"Awakened One","floor":50,"turns":4}],"seed_played":"-8478483906296988248","potions_obtained":[{"floor":2.0,"key":"Weak Potion"},{"floor":4.0,"key":"Energy Potion"},{"floor":8.0,"key":"Fire Potion"},{"floor":11.0,"key":"AttackPotion"},{"floor":19.0,"key":"BlessingOfTheForge"},{"floor":24.0,"key":"FearPotion"},{"floor":31,"key":"ColorlessPotion"},{"floor":33,"key":"DistilledChaos"},{"floor":35,"key":"Energy Potion"},{"floor":36,"key":"BloodPotion"},{"floor":40,"key":"LiquidBronze"},{"floor":42,"key":"ColorlessPotion"},{"floor":45,"key":"Explosive Potion"},{"floor":46,"key":"LiquidMemories"}],"is_trial":false,"path_per_floor":["M","M","?","M","?","R","M","M","T","?","E","$","M","M","R","B",null,"M","M","?","$","?","E","M","R","T","?","R","?","$","M","R","B",null,"M","M","?","$","?","E","?","E","T","M","M","M","R","M","R","B",null],"character_chosen":"IRONCLAD","items_purchased":[],"campfire_rested":4,"item_purchase_floors":[],"current_hp_per_floor":[72,72,72,72,58,58,64,54,54,54,46,46,50,51,51,47,72,69,56,56,56,56,45,24,45,45,45,45,29,29,15,36,43,72,72,71,71,71,71,72,82,79,79,61,67,72,82,82,82,66],"gold":5,"neow_bonus":"REMOVE_TWO","is_prod":false,"is_daily":false,"chose_seed":false,"campfire_upgraded":3,"win_rate":0,"timestamp":1607989471,"path_taken":["M","M","?","?","?","R","M","M","T","?","E","$","M","M","R","BOSS","M","M","?","$","?","E","M","R","T","?","R","?","?","?","R","BOSS","M","M","?","?","?","E","?","E","T","?","M","?","R","M","R","BOSS"],"build_version":"2020-12-13","purchased_purges":3,"victory":true,"max_hp_per_floor":[72,72,72,72,72,72,72,72,72,72,72,72,72,72,72,72,72,72,72,72,72,72,72,72,72,72,72,72,72,72,72,72,72,72,72,72,72,72,72,72,82,82,82,82,82,82,82,82,82,82],"card_choices":[{"not_picked":["Thunderclap","Seeing Red","Burning Pact"],"picked":"SKIP","floor":1.0},{"not_picked":["Pummel","Sever Soul"],"picked":"Cleave","floor":2.0},{"not_picked":["Anger","Flame Barrier"],"picked":"Battle Trance","floor":4.0},{"not_picked":["Cleave","Pommel Strike","Clothesline"],"picked":"SKIP","floor":7.0},{"not_picked":["Reaper","Iron Wave","Ghostly Armor"],"picked":"SKIP","floor":8.0},{"not_picked":["Intimidate","Fiend Fire"],"picked":"Dual Wield","floor":11.0},{"not_picked":["Rage","Havoc","Warcry"],"picked":"SKIP","floor":13.0},{"not_picked":["Perfected Strike","Warcry","Anger"],"picked":"SKIP","floor":14.0},{"not_picked":["Sword Boomerang","Anger","Twin Strike+1"],"picked":"SKIP","floor":18.0},{"not_picked":["Armaments","Wild Strike+1","Iron Wave+1"],"picked":"SKIP","floor":19.0},{"not_picked":["Bloodletting","Armaments+1","Clothesline"],"picked":"SKIP","floor":23.0},{"not_picked":["Clothesline","Iron Wave","Warcry"],"picked":"SKIP","floor":24.0},{"not_picked":["Carnage","Headbutt","Searing Blow+1"],"picked":"SKIP","floor":31},{"not_picked":["Pummel","Flame Barrier+1","Sword Boomerang+1"],"picked":"SKIP","floor":35},{"not_picked":["Intimidate+1","Cleave","Shockwave+1"],"picked":"SKIP","floor":36},{"not_picked":["Bludgeon","Uppercut+1","Blood for Blood"],"picked":"SKIP","floor":40},{"not_picked":["Twin Strike+1","Clothesline+1","Flex+1"],"picked":"SKIP","floor":42},{"not_picked":["Havoc","Metallicize+1","Burning Pact"],"picked":"SKIP","floor":44},{"not_picked":["Perfected Strike","Metallicize","Clothesline+1"],"picked":"SKIP","floor":45},{"not_picked":["Battle Trance","Feel No Pain","Wild Strike+1"],"picked":"SKIP","floor":46},{"not_picked":["Flex","Corruption","Havoc+1"],"picked":"SKIP","floor":48}],"player_experience":1292987,"relics_obtained":[{"floor":9.0,"key":"Nunchaku"},{"floor":11.0,"key":"Boot"},{"floor":23.0,"key":"Akabeko"},{"floor":26.0,"key":"Toy Ornithopter"},{"floor":29,"key":"Nilry\u0027s Codex"},{"floor":40,"key":"Bag of Marbles"},{"floor":42,"key":"Shuriken"},{"floor":43,"key":"Letter Opener"}],"event_choices":[{"damage_healed":0.0,"max_hp_gain":0.0,"max_hp_loss":0.0,"gold_gain":0.0,"cards_transformed":["Strike_R"],"event_name":"Transmorgrifier","player_choice":"Transformed","floor":3.0,"gold_loss":0.0,"damage_taken":0.0,"cards_obtained":["Rampage"]},{"damage_healed":0.0,"max_hp_gain":0.0,"max_hp_loss":0.0,"gold_gain":0.0,"event_name":"Shining Light","player_choice":"Entered Light","floor":5.0,"gold_loss":0.0,"damage_taken":14.0,"cards_upgraded":["Defend_R","Battle Trance"]},{"cards_removed":["Strike_R"],"damage_healed":0.0,"max_hp_gain":0.0,"max_hp_loss":0.0,"gold_gain":0.0,"event_name":"The Cleric","player_choice":"Card Removal","floor":10.0,"gold_loss":50.0,"damage_taken":0.0},{"damage_healed":0.0,"max_hp_gain":0.0,"max_hp_loss":0.0,"gold_gain":0.0,"cards_transformed":["Strike_R","Defend_R"],"event_name":"Drug Dealer","player_choice":"Became Test Subject","floor":20.0,"gold_loss":0.0,"damage_taken":0.0,"cards_obtained":["Immolate","Anger"]},{"cards_removed":["Defend_R"],"damage_healed":0.0,"max_hp_gain":0.0,"max_hp_loss":0.0,"gold_gain":0.0,"event_name":"Back to Basics","player_choice":"Elegance","floor":22.0,"gold_loss":0.0,"damage_taken":0.0},{"damage_healed":0,"gold_gain":0,"player_choice":"Opened","damage_taken":0,"relics_obtained":["White Beast Statue"],"max_hp_gain":0,"max_hp_loss":0,"event_name":"The Mausoleum","floor":27,"gold_loss":0},{"damage_healed":0,"gold_gain":0,"player_choice":"Obtained Book","damage_taken":16,"max_hp_gain":0,"max_hp_loss":0,"event_name":"Cursed Tome","floor":29,"gold_loss":0},{"damage_healed":0,"gold_gain":0,"player_choice":"Forge","damage_taken":0,"max_hp_gain":0,"max_hp_loss":0,"event_name":"Accursed Blacksmith","floor":37,"gold_loss":0,"cards_upgraded":["Dual Wield"]},{"damage_healed":0,"gold_gain":0,"player_choice":"Memory 1","damage_taken":0,"max_hp_gain":0,"max_hp_loss":0,"event_name":"SensoryStone","floor":39,"gold_loss":0},{"cards_removed":["Immolate"],"damage_healed":0,"gold_gain":0,"player_choice":"Offered Rare","damage_taken":0,"max_hp_gain":10,"max_hp_loss":0,"event_name":"Bonfire Elementals","floor":41,"gold_loss":0}],"is_beta":false,"boss_relics":[{"not_picked":["Calling Bell","SacredBark"],"picked":"Ectoplasm"},{"not_picked":["Velvet Choker","Black Blood"],"picked":"Fusion Hammer"}],"items_purged_floors":[12,21,30],"is_endless":false,"potions_floor_spawned":[2,4,8,11,14,19,24,31,33,35,36,40,42,44,45,46,48],"ascension_level":1}