{"gold_per_floor":[115,115,190,204,216,216,250,269,269,269,194,222,222,238,238,316,316,333,333,352,363,313,313,347,359,408,420,357,388,400,447,459,543,555,582,594,616,648,709,721],"floor_reached":40,"playtime":4163,"items_purged":["Strike_R"],"score":872,"play_id":"8bf701c6-b9c7-478e-b408-5ac7677767ae","local_time":"20201210113143","is_ascension_mode":true,"campfire_choices":[{"data":"Blood for Blood","floor":6.0,"key":"SMITH"},{"floor":10.0,"key":"REST"},{"data":"Uppercut","floor":13.0,"key":"SMITH"},{"data":"True Grit","floor":15.0,"key":"SMITH"},{"data":"Spot Weakness","floor":23.0,"key":"SMITH"},{"floor":27.0,"key":"REST"},{"floor":32.0,"key":"REST"}],"neow_cost":"NONE","seed_source_timestamp":1200596577648300,"circlet_count":0,"master_deck":["AscendersBane","Strike_R+1","Strike_R","Strike_R+1","Defend_R","Defend_R","Defend_R","Defend_R","Bash","True Grit+1","Blood for Blood+1","Pummel","Pummel","Uppercut+1","Battle Trance","Sword Boomerang","Offering","Spot Weakness+1","Shrug It Off","Pummel","Armaments+1","Necronomicurse","Fiend Fire","Corruption","Ghostly Armor+1"],"special_seed":0,"relics":["Burning Blood","Boot","Matryoshka","Regal Pillow","Singing Bowl","Smiling Mask","Cursed Key","Dream Catcher","MawBank","Bag of Preparation","Necronomicon","Charon\u0027s Ashes","Sozu","Lizard Tail"],"potions_floor_usage":[],"damage_taken":[{"damage":5.0,"enemies":"2 Louse","floor":1.0,"turns":4.0},{"damage":1.0,"enemies":"Small Slimes","floor":4.0,"turns":4.0},{"damage":7.0,"enemies":"Jaw Worm","floor":5.0,"turns":4.0},{"damage":27.0,"enemies":"3 Sentries","floor":7.0,"turns":8.0},{"damage":8.0,"enemies":"3 Louse","floor":8.0,"turns":2.0},{"damage":8.0,"enemies":"Gremlin Nob","floor":12.0,"turns":3.0},{"damage":3.0,"enemies":"Looter","floor":14.0,"turns":2.0},{"damage":34.0,"enemies":"The Guardian","floor":16.0,"turns":9.0},{"damage":20.0,"enemies":"2 Thieves","floor":18.0,"turns":3.0},{"damage":6.0,"enemies":"Shell Parasite","floor":20.0,"turns":3.0},{"damage":16.0,"enemies":"Sentry and Sphere","floor":21.0,"turns":4.0},{"damage":34.0,"enemies":"Gremlin Leader","floor":24.0,"turns":6.0},{"damage":15.0,"enemies":"Chosen and Byrds","floor":25.0,"turns":3.0},{"damage":6.0,"enemies":"Shelled Parasite and Fungi","floor":29.0,"turns":1.0},{"damage":17.0,"enemies":"Book of Stabbing","floor":31.0,"turns":3.0},{"damage":63.0,"enemies":"Collector","floor":33.0,"turns":7.0},{"damage":37.0,"enemies":"3 Shapes","floor":35.0,"turns":4.0},{"damage":2,"enemies":"Orb Walker","floor":37,"turns":2},{"damage":10,"enemies":"Sphere and 2 Shapes","floor":38,"turns":3},{"damage":21,"enemies":"2 Orb Walkers","floor":39,"turns":4},{"damage":10,"enemies":"Reptomancer","floor":40,"turns":2}],"seed_played":"-7482186787403908386","potions_obtained":[{"floor":5.0,"key":"BlessingOfTheForge"},{"floor":8.0,"key":"AttackPotion"},{"floor":12.0,"key":"BloodPotion"},{"floor":20.0,"key":"HeartOfIron"},{"floor":21.0,"key":"DistilledChaos"},{"floor":33.0,"key":"SmokeBomb"}],"is_trial":false,"path_per_floor":["M","?","?","M","M","R","E","M","T","R","?","E","R","M","R","B",null,"M","?","M","M","$","R","E","M","T","R","?","M","?","E","R","B",null,"M","?","M","M","?","E"],"character_chosen":"IRONCLAD","items_purchased":[],"campfire_rested":3,"item_purchase_floors":[],"current_hp_per_floor":[69,46,35,40,39,39,18,16,16,53,53,51,51,54,54,26,63,49,49,64,56,56,56,30,21,21,61,61,63,42,33,73,16,68,39,39,45,41,28,18],"gold":721,"neow_bonus":"RANDOM_COMMON_RELIC","is_prod":false,"is_daily":false,"chose_seed":false,"campfire_upgraded":4,"win_rate":0,"timestamp":1607621503,"path_taken":["M","?","?","M","M","R","E","M","T","R","?","E","R","M","R","BOSS","M","?","M","M","$","R","E","M","T","R","?","M","?","E","R","BOSS","M","?","M","?","?","E"],"build_version":"2020-11-30","purchased_purges":1,"victory":false,"max_hp_per_floor":[75,75,75,75,75,75,75,75,75,75,75,75,75,75,75,75,75,75,75,75,77,77,77,79,79,79,81,81,83,83,85,85,85,85,87,87,89,89,91,91],"card_choices":[{"not_picked":["Rupture","Heavy Blade"],"picked":"True Grit","floor":1.0},{"not_picked":["Pommel Strike","Flame Barrier"],"picked":"Blood for Blood","floor":4.0},{"not_picked":["Havoc","Infernal Blade"],"picked":"Pummel","floor":5.0},{"not_picked":["Pommel Strike","Seeing Red"],"picked":"Pummel","floor":7.0},{"not_picked":["Flex","Clothesline"],"picked":"Uppercut","floor":8.0},{"not_picked":["Bloodletting","Anger"],"picked":"Battle Trance","floor":12.0},{"not_picked":["Perfected Strike","Dropkick"],"picked":"Sword Boomerang","floor":14.0},{"not_picked":["Juggernaut","Berserk"],"picked":"Offering","floor":16.0},{"not_picked":["Heavy Blade","Twin Strike"],"picked":"Spot Weakness","floor":18.0},{"not_picked":["Hemokinesis","Flex+1"],"picked":"Pummel","floor":20.0},{"not_picked":["Blood for Blood","Sever Soul","Entrench"],"picked":"Singing Bowl","floor":21.0},{"not_picked":["Anger","Twin Strike","Thunderclap"],"picked":"Singing Bowl","floor":24.0},{"not_picked":["Bloodletting","Uppercut"],"picked":"Armaments+1","floor":25.0},{"not_picked":["Clash","Wild Strike","Carnage"],"picked":"Singing Bowl","floor":27.0},{"not_picked":["Exhume","Perfected Strike","Twin Strike"],"picked":"Singing Bowl","floor":29.0},{"not_picked":["Havoc","Armaments","Bloodletting"],"picked":"Singing Bowl","floor":31.0},{"not_picked":["Thunderclap","Power Through+1"],"picked":"Fiend Fire","floor":32.0},{"not_picked":["Bludgeon","Exhume"],"picked":"Corruption","floor":33.0},{"not_picked":["Flex","Iron Wave","Sentinel"],"picked":"Singing Bowl","floor":35.0},{"not_picked":["Combust","Headbutt","Twin Strike"],"picked":"Singing Bowl","floor":37},{"not_picked":["Anger","Wild Strike"],"picked":"Ghostly Armor+1","floor":38},{"not_picked":["Dual Wield","Thunderclap","Clothesline"],"picked":"Singing Bowl","floor":39}],"player_experience":1259621,"relics_obtained":[{"floor":7.0,"key":"Matryoshka"},{"floor":9.0,"key":"Regal Pillow"},{"floor":9.0,"key":"Singing Bowl"},{"floor":12.0,"key":"Smiling Mask"},{"floor":24.0,"key":"Dream Catcher"},{"floor":26.0,"key":"MawBank"},{"floor":26.0,"key":"Bag of Preparation"},{"floor":30.0,"key":"Necronomicon"},{"floor":31.0,"key":"Charon\u0027s Ashes"},{"floor":39,"key":"Lizard Tail"}],"event_choices":[{"damage_healed":0.0,"max_hp_gain":0.0,"max_hp_loss":0.0,"gold_gain":0.0,"event_name":"Shining Light","player_choice":"Entered Light","floor":2.0,"gold_loss":0.0,"damage_taken":23.0,"cards_upgraded":["Strike_R","Strike_R"]},{"damage_healed":0.0,"max_hp_gain":0.0,"max_hp_loss":0.0,"gold_gain":75.0,"event_name":"World of Goop","player_choice":"Gather Gold","floor":3.0,"gold_loss":0.0,"damage_taken":11.0},{"cards_removed":["Strike_R"],"damage_healed":0.0,"max_hp_gain":0.0,"max_hp_loss":0.0,"gold_gain":0.0,"event_name":"The Cleric","player_choice":"Card Removal","floor":11.0,"gold_loss":75.0,"damage_taken":0.0},{"damage_healed":0.0,"max_hp_gain":0.0,"max_hp_loss":0.0,"gold_gain":0.0,"event_name":"The Library","player_choice":"Read","floor":19.0,"gold_loss":0.0,"damage_taken":0.0,"cards_obtained":["Shrug It Off"]},{"cards_removed":["Clumsy"],"damage_healed":0.0,"max_hp_gain":0.0,"max_hp_loss":0.0,"gold_gain":0.0,"event_name":"Beggar","player_choice":"Gave Gold","floor":28.0,"gold_loss":75.0,"damage_taken":0.0},{"damage_healed":0.0,"max_hp_gain":0.0,"max_hp_loss":0.0,"gold_gain":0.0,"event_name":"Cursed Tome","player_choice":"Obtained Book","floor":30.0,"gold_loss":0.0,"damage_taken":21.0},{"damage_healed":0,"gold_gain":0,"player_choice":"Ignored","damage_taken":0,"max_hp_gain":0,"max_hp_loss":0,"event_name":"WeMeetAgain","floor":36,"gold_loss":0},{"damage_healed":0,"gold_gain":0,"player_choice":"Fight","damage_taken":0,"max_hp_gain":0,"max_hp_loss":0,"event_name":"Mysterious Sphere","floor":39,"gold_loss":0}],"is_beta":false,"boss_relics":[{"not_picked":["Busted Crown","Black Blood"],"picked":"Cursed Key"},{"not_picked":["Empty Cage","Runic Dome"],"picked":"Sozu"}],"items_purged_floors":[22],"is_endless":false,"potions_floor_spawned":[5,8,12,14,20,21,33,38],"killed_by":"Reptomancer","ascension_level":20}