{"gold_per_floor":[116,116,116,133,153,153,183,203,275,306,306,340,363,363,363,363],"floor_reached":16,"playtime":632,"items_purged":[],"score":232,"play_id":"89f13aa6-0fc8-4d15-9c6b-124b7c504460","local_time":"20201214131323","is_ascension_mode":true,"campfire_choices":[{"data":"Bash","floor":6,"key":"SMITH"},{"floor":11,"key":"REST"},{"data":"Spot Weakness","floor":15,"key":"SMITH"}],"neow_cost":"NONE","seed_source_timestamp":1555806515484000,"circlet_count":0,"master_deck":["AscendersBane","Strike_R","Strike_R","Strike_R","Strike_R","Defend_R","Defend_R","Defend_R","Defend_R","Bash+1","Wild Strike","Hemokinesis","Anger","Inflame","Shrug It Off","Spot Weakness+1","Battle Trance"],"special_seed":0,"relics":["Burning Blood","Tiny Chest","Smiling Mask","Odd Mushroom","Kunai","Blood Vial","Potion Belt"],"potions_floor_usage":[7,10,10,12],"damage_taken":[{"damage":16,"enemies":"2 Louse","floor":1,"turns":3},{"damage":12,"enemies":"Small Slimes","floor":4,"turns":4},{"damage":1,"enemies":"Cultist","floor":5,"turns":3},{"damage":29,"enemies":"3 Sentries","floor":7,"turns":8},{"damage":28,"enemies":"The Mushroom Lair","floor":8,"turns":4},{"damage":11,"enemies":"Lagavulin","floor":10,"turns":5},{"damage":27,"enemies":"Gremlin Nob","floor":12,"turns":4},{"damage":18,"enemies":"Hexaghost","floor":16,"turns":6}],"seed_played":"-1919349581448788551","potions_obtained":[{"floor":4,"key":"SteroidPotion"},{"floor":7,"key":"Swift Potion"},{"floor":8,"key":"Weak Potion"},{"floor":10,"key":"AttackPotion"}],"is_trial":false,"path_per_floor":["M","?","?","M","M","R","E","?","T","E","R","E","T","?","R","B"],"character_chosen":"IRONCLAD","items_purchased":[],"campfire_rested":1,"item_purchase_floors":[],"current_hp_per_floor":[58,58,63,57,62,62,39,17,17,12,36,17,17,17,17,1],"gold":363,"neow_bonus":"RANDOM_COMMON_RELIC","is_prod":false,"is_daily":false,"chose_seed":false,"campfire_upgraded":2,"win_rate":0,"timestamp":1607973203,"path_taken":["M","?","?","M","M","R","E","?","T","E","R","E","?","?","R","BOSS"],"build_version":"2020-12-13","purchased_purges":0,"victory":false,"max_hp_per_floor":[75,75,80,80,80,80,80,80,80,80,80,80,80,80,80,80],"card_choices":[{"not_picked":["Whirlwind","Iron Wave"],"picked":"Wild Strike","floor":1},{"not_picked":["Bloodletting","Flex"],"picked":"Hemokinesis","floor":4},{"not_picked":["Pommel Strike","Heavy Blade"],"picked":"Anger","floor":5},{"not_picked":["Shrug It Off","Sentinel"],"picked":"Inflame","floor":7},{"not_picked":["Body Slam","Fire Breathing"],"picked":"Shrug It Off","floor":8},{"not_picked":["Sever Soul","Flex"],"picked":"Spot Weakness","floor":10},{"not_picked":["Rage","Iron Wave"],"picked":"Battle Trance","floor":12}],"player_experience":1292355,"relics_obtained":[{"floor":7,"key":"Smiling Mask"},{"floor":8,"key":"Odd Mushroom"},{"floor":9,"key":"Kunai"},{"floor":10,"key":"Blood Vial"},{"floor":12,"key":"Potion Belt"}],"event_choices":[{"damage_healed":0,"gold_gain":0,"player_choice":"Ignored","damage_taken":0,"max_hp_gain":0,"max_hp_loss":0,"event_name":"Liars Game","floor":2,"gold_loss":0},{"damage_healed":0,"gold_gain":0,"player_choice":"Donut","damage_taken":0,"max_hp_gain":5,"max_hp_loss":0,"event_name":"Big Fish","floor":3,"gold_loss":0},{"damage_healed":0,"gold_gain":0,"player_choice":"Fought Mushrooms","damage_taken":0,"max_hp_gain":0,"max_hp_loss":0,"event_name":"Mushrooms","floor":8,"gold_loss":0},{"cards_removed":["Strike_R"],"damage_healed":0,"gold_gain":0,"player_choice":"Purged","damage_taken":0,"max_hp_gain":0,"max_hp_loss":0,"event_name":"Purifier","floor":14,"gold_loss":0}],"is_beta":false,"boss_relics":[],"items_purged_floors":[],"is_endless":false,"potions_floor_spawned":[4,7,8,10],"killed_by":"Hexaghost","ascension_level":20}