{"gold_per_floor":[118,137,95,114,133,133,167,167,216,230,248,263,295,315,315,391,391,405,38,38,52,32,32,43,43,43,76,94,94,108,133,133,209,209,229,121,137,62,0,32,32,81,81,93,127,127,142,173,173,173,173,173,173,7,40,40],"floor_reached":57,"playtime":4781,"items_purged":["Strike_R+1"],"score":2963,"play_id":"2416d119-4f25-4a48-93f2-f434f9c80c46","local_time":"20201209165305","is_ascension_mode":true,"campfire_choices":[{"data":"Bash","floor":6,"key":"SMITH"},{"data":"Metallicize","floor":15,"key":"SMITH"},{"data":"Metallicize","floor":23,"key":"SMITH"},{"data":"Metallicize","floor":25,"key":"SMITH"},{"floor":29,"key":"DIG"},{"floor":32,"key":"DIG"},{"floor":41,"key":"DIG"},{"floor":46,"key":"DIG"},{"floor":49,"key":"RECALL"},{"floor":53,"key":"DIG"}],"neow_cost":"NONE","seed_source_timestamp":1132845410928000,"circlet_count":0,"master_deck":["AscendersBane","Strike_R+1","Strike_R+1","Strike_R+1","Strike_R+1","Defend_R+1","Defend_R+1","Defend_R+1","Defend_R+1","Bash+1","Thunderclap+1","Inflame","Metallicize+1","True Grit","Ghostly Armor","Bludgeon+1","Metallicize+1","Flame Barrier","Hemokinesis","Hemokinesis+1","Impervious","Power Through+1","Metallicize+1","Clothesline+1","Impervious","Shockwave","Shrug It Off","Barricade","Entrench","Twin Strike","Body Slam","True Grit+1","Body Slam","Entrench","Entrench","Evolve+1"],"relics":["Burning Blood","Question Card","Orichalcum","Happy Flower","Snecko Eye","Anchor","Vajra","Shovel","StrikeDummy","FossilizedHelix","Whetstone","Mercury Hourglass","Velvet Choker","Red Mask","Ancient Tea Set","Gremlin Horn","InkBottle","Frozen Egg 2","MealTicket","Darkstone Periapt","HornCleat","Centennial Puzzle","Lizard Tail"],"potions_floor_usage":[7,48],"damage_taken":[{"damage":2,"enemies":"Cultist","floor":1,"turns":4},{"damage":7,"enemies":"Small Slimes","floor":2,"turns":4},{"damage":3,"enemies":"2 Louse","floor":4,"turns":3},{"damage":7,"enemies":"Lots of Slimes","floor":5,"turns":5},{"damage":35,"enemies":"3 Sentries","floor":7,"turns":11},{"damage":0,"enemies":"3 Louse","floor":10,"turns":4},{"damage":2,"enemies":"Blue Slaver","floor":11,"turns":2},{"damage":2,"enemies":"Red Slaver","floor":12,"turns":5},{"damage":16,"enemies":"Lagavulin","floor":13,"turns":6},{"damage":2,"enemies":"3 Louse","floor":14,"turns":4},{"damage":8,"enemies":"Hexaghost","floor":16,"turns":9},{"damage":2,"enemies":"2 Thieves","floor":18,"turns":2},{"damage":2,"enemies":"Spheric Guardian","floor":21,"turns":3},{"damage":11,"enemies":"Centurion and Healer","floor":24,"turns":6},{"damage":12,"enemies":"Slavers","floor":27,"turns":10},{"damage":0,"enemies":"Snake Plant","floor":28,"turns":4},{"damage":0,"enemies":"Chosen and Byrds","floor":30,"turns":4},{"damage":8,"enemies":"Gremlin Leader","floor":31,"turns":7},{"damage":10,"enemies":"Automaton","floor":33,"turns":11},{"damage":0,"enemies":"3 Darklings","floor":35,"turns":6},{"damage":0,"enemies":"Orb Walker","floor":37,"turns":2},{"damage":0,"enemies":"Giant Head","floor":40,"turns":10},{"damage":0,"enemies":"Transient","floor":44,"turns":6},{"damage":0,"enemies":"Nemesis","floor":45,"turns":3},{"damage":0,"enemies":"Spire Growth","floor":47,"turns":5},{"damage":27,"enemies":"Reptomancer","floor":48,"turns":3},{"damage":4,"enemies":"Time Eater","floor":50,"turns":12},{"damage":0,"enemies":"Donu and Deca","floor":51,"turns":9},{"damage":16,"enemies":"Shield and Spear","floor":55,"turns":9},{"damage":107,"enemies":"The Heart","floor":56,"turns":12}],"seed_played":"1959923021614550359","potions_obtained":[{"floor":4,"key":"ColorlessPotion"},{"floor":5,"key":"Fire Potion"},{"floor":10,"key":"SmokeBomb"},{"floor":12,"key":"SteroidPotion"},{"floor":16,"key":"Swift Potion"},{"floor":22,"key":"SkillPotion"}],"is_trial":false,"path_per_floor":["M","M","$","M","M","R","E","?","T","M","M","M","E","M","R","B",null,"M","$","?","M","?","R","M","R","T","E","M","R","M","E","R","B",null,"M","$","M","$","?","E","R","T","T","M","E","R","M","E","R","B","B",null,"R","$","E","B",null],"character_chosen":"IRONCLAD","items_purchased":["Metallicize","Anchor","Vajra","Metallicize","Twin Strike","Body Slam","Centennial Puzzle"],"campfire_rested":0,"item_purchase_floors":[3,19,19,19,36,36,54],"current_hp_per_floor":[79,78,78,81,80,80,51,51,51,57,61,65,55,59,59,57,76,80,80,80,82,82,82,77,77,77,71,77,77,82,80,80,76,81,82,82,82,82,82,82,82,82,82,82,82,82,82,61,61,63,69,79,79,82,72,47],"gold":40,"neow_bonus":"TEN_PERCENT_HP_BONUS","is_prod":false,"is_daily":false,"chose_seed":false,"campfire_upgraded":4,"win_rate":0,"timestamp":1607554385,"path_taken":["M","?","$","M","M","R","E","?","T","M","?","M","E","M","R","BOSS","M","$","?","M","?","R","M","R","T","E","M","R","M","E","R","BOSS","M","?","M","$","?","E","R","?","T","M","E","R","M","E","R","BOSS","BOSS","R","$","E","BOSS"],"build_version":"2020-11-30","purchased_purges":1,"victory":true,"max_hp_per_floor":[82,82,82,82,82,82,82,82,82,82,82,82,82,82,82,82,82,82,82,82,82,82,82,82,82,82,82,82,82,82,82,82,82,82,82,82,82,82,82,82,82,82,82,82,82,82,82,82,82,82,82,82,82,82,82,82],"card_choices":[{"not_picked":["Clash","Heavy Blade"],"picked":"Thunderclap","floor":1},{"not_picked":["Hemokinesis","Clothesline"],"picked":"Inflame","floor":2},{"not_picked":["Dual Wield","Havoc"],"picked":"True Grit","floor":4},{"not_picked":["Body Slam","Intimidate"],"picked":"Ghostly Armor","floor":5},{"not_picked":["Twin Strike","True Grit"],"picked":"Bludgeon","floor":7},{"not_picked":["Sword Boomerang","Twin Strike","Rampage"],"picked":"Metallicize","floor":10},{"not_picked":["Clash","Evolve","Sentinel"],"picked":"Flame Barrier","floor":11},{"not_picked":["Havoc","Flex","Twin Strike","Warcry"],"picked":"SKIP","floor":12},{"not_picked":["Clothesline","Havoc","Ghostly Armor"],"picked":"Hemokinesis","floor":13},{"not_picked":["Clash","Pummel","Reckless Charge"],"picked":"Hemokinesis","floor":14},{"not_picked":["Bludgeon","Exhume","Berserk"],"picked":"Impervious","floor":16},{"not_picked":["Armaments+1","Cleave","Iron Wave"],"picked":"Power Through+1","floor":18},{"not_picked":["Pommel Strike","Heavy Blade","Iron Wave"],"picked":"Clothesline+1","floor":21},{"not_picked":["Battle Trance","Iron Wave+1","Clothesline","Reckless Charge"],"picked":"SKIP","floor":24},{"not_picked":["Shrug It Off","Intimidate","Sentinel"],"picked":"Impervious","floor":27},{"not_picked":["Rampage","Thunderclap+1","Entrench"],"picked":"Shockwave","floor":28},{"not_picked":["Sever Soul","Pummel","Pommel Strike","Cleave+1"],"picked":"SKIP","floor":30},{"not_picked":["Anger","Clothesline","Ghostly Armor+1"],"picked":"Shrug It Off","floor":31},{"not_picked":["Bludgeon","Berserk","Fiend Fire"],"picked":"Barricade","floor":33},{"not_picked":["Havoc","Infernal Blade","Body Slam"],"picked":"Entrench","floor":35},{"not_picked":["Clash+1","Whirlwind","Body Slam"],"picked":"True Grit+1","floor":37},{"not_picked":["Rupture","Pummel","Infernal Blade+1","Double Tap"],"picked":"SKIP","floor":40},{"not_picked":["Battle Trance","Flex","Warcry"],"picked":"Body Slam","floor":44},{"not_picked":["Sword Boomerang","Offering","Disarm","Dropkick+1"],"picked":"SKIP","floor":45},{"not_picked":["Twin Strike+1","Searing Blow","Headbutt"],"picked":"Entrench","floor":47},{"not_picked":["Pommel Strike+1","Clothesline+1","Rampage+1"],"picked":"Entrench","floor":48},{"not_picked":["Sword Boomerang","Ghostly Armor","Havoc"],"picked":"Evolve+1","floor":55}],"player_experience":1254840,"relics_obtained":[{"floor":7,"key":"Question Card"},{"floor":9,"key":"Orichalcum"},{"floor":13,"key":"Happy Flower"},{"floor":26,"key":"Shovel"},{"floor":27,"key":"StrikeDummy"},{"floor":29,"key":"FossilizedHelix"},{"floor":31,"key":"Whetstone"},{"floor":32,"key":"Mercury Hourglass"},{"floor":40,"key":"Ancient Tea Set"},{"floor":41,"key":"Gremlin Horn"},{"floor":43,"key":"InkBottle"},{"floor":45,"key":"Frozen Egg 2"},{"floor":46,"key":"MealTicket"},{"floor":48,"key":"Darkstone Periapt"},{"floor":53,"key":"HornCleat"},{"floor":55,"key":"Lizard Tail"}],"event_choices":[{"damage_healed":0,"gold_gain":0,"player_choice":"Upgraded","damage_taken":0,"max_hp_gain":0,"max_hp_loss":0,"event_name":"Upgrade Shrine","floor":8,"gold_loss":0,"cards_upgraded":["Bludgeon"]},{"damage_healed":0,"gold_gain":0,"player_choice":"Simplicity","damage_taken":0,"max_hp_gain":0,"max_hp_loss":0,"event_name":"Back to Basics","floor":20,"gold_loss":0,"cards_upgraded":["Strike_R","Strike_R","Strike_R","Strike_R","Strike_R","Defend_R","Defend_R","Defend_R","Defend_R"]},{"damage_healed":0,"gold_gain":0,"player_choice":"Bought 1 Potion","damage_taken":0,"max_hp_gain":0,"max_hp_loss":0,"event_name":"The Woman in Blue","floor":22,"gold_loss":0},{"damage_healed":0,"gold_gain":0,"player_choice":"Paid","damage_taken":0,"relics_obtained":["Red Mask"],"max_hp_gain":0,"max_hp_loss":0,"event_name":"Tomb of Lord Red Mask","floor":39,"gold_loss":62}],"is_beta":false,"boss_relics":[{"not_picked":["Busted Crown","Tiny House"],"picked":"Snecko Eye"},{"not_picked":["Black Star","Cursed Key"],"picked":"Velvet Choker"}],"items_purged_floors":[38],"is_endless":false,"potions_floor_spawned":[4,5,10,12,16,27,30,33,37,45,47],"ascension_level":20}