{"gold_per_floor":[17,17,31,31,31,31,54,97,97,97,111,150,165,178,178,269,269,287,212,236,249,263,263,263],"floor_reached":24,"playtime":4649,"items_purged":[],"score":470,"play_id":"7534e1e1-9293-48df-a80f-3f1320027274","local_time":"20201214125122","is_ascension_mode":true,"campfire_choices":[{"data":"Feed","floor":6.0,"key":"SMITH"},{"data":"Bash","floor":10.0,"key":"SMITH"},{"data":"Uppercut","floor":15.0,"key":"SMITH"},{"data":"Corruption","floor":23,"key":"SMITH"}],"neow_cost":"NO_GOLD","seed_source_timestamp":1550350261774300,"circlet_count":0,"master_deck":["AscendersBane","Strike_R","Strike_R","Strike_R","Strike_R","Defend_R","Defend_R","Defend_R","Defend_R","Bash+1","Feed+1","Shrug It Off","Exhume","Twin Strike","Uppercut+1","Corruption+1","Whirlwind+1","Dark Embrace"],"special_seed":0,"relics":["Burning Blood","Golden Idol","Kunai","Mercury Hourglass","Centennial Puzzle","Philosopher\u0027s Stone"],"potions_floor_usage":[16,16,24],"damage_taken":[{"damage":9.0,"enemies":"Jaw Worm","floor":1.0,"turns":4.0},{"damage":0.0,"enemies":"2 Louse","floor":3.0,"turns":3.0},{"damage":0.0,"enemies":"Small Slimes","floor":7.0,"turns":4.0},{"damage":32.0,"enemies":"Gremlin Nob","floor":8.0,"turns":4.0},{"damage":8.0,"enemies":"Exordium Thugs","floor":11.0,"turns":5.0},{"damage":27.0,"enemies":"3 Sentries","floor":12.0,"turns":6.0},{"damage":5.0,"enemies":"Gremlin Gang","floor":13.0,"turns":4.0},{"damage":10.0,"enemies":"3 Louse","floor":14.0,"turns":3.0},{"damage":40,"enemies":"Hexaghost","floor":16,"turns":9},{"damage":29,"enemies":"2 Thieves","floor":18,"turns":5},{"damage":8,"enemies":"Chosen","floor":20,"turns":4},{"damage":20,"enemies":"Centurion and Healer","floor":21,"turns":7},{"damage":26,"enemies":"Snecko","floor":22,"turns":6},{"damage":38,"enemies":"Book of Stabbing","floor":24,"turns":4}],"seed_played":"3897983831816363871","potions_obtained":[{"floor":3.0,"key":"GamblersBrew"},{"floor":8.0,"key":"Strength Potion"},{"floor":13.0,"key":"Weak Potion"},{"floor":20,"key":"GamblersBrew"}],"is_trial":false,"path_per_floor":["M","?","M","$","?","R","M","E","T","R","M","E","M","M","R","B",null,"M","?","M","M","M","R","E"],"character_chosen":"IRONCLAD","items_purchased":[],"campfire_rested":0,"item_purchase_floors":[],"current_hp_per_floor":[68,68,74,74,67,67,77,55,55,55,61,48,57,57,57,23,88,73,73,75,69,49,49,11],"gold":263,"neow_bonus":"THREE_RARE_CARDS","is_prod":false,"is_daily":false,"chose_seed":false,"campfire_upgraded":4,"win_rate":0,"timestamp":1607971882,"path_taken":["M","?","M","$","?","R","M","E","T","R","M","E","M","M","R","BOSS","M","?","M","M","M","R","E"],"build_version":"2020-12-13","purchased_purges":0,"victory":false,"max_hp_per_floor":[78,71,74,74,74,74,78,82,82,82,90,98,106,110,110,110,110,118,118,122,130,130,130,130],"card_choices":[{"not_picked":["Juggernaut","Reaper"],"picked":"Feed","floor":0.0},{"not_picked":["Body Slam","Seeing Red"],"picked":"Shrug It Off","floor":1.0},{"not_picked":["Dual Wield","Heavy Blade"],"picked":"Perfected Strike","floor":3.0},{"not_picked":["Heavy Blade","Wild Strike"],"picked":"Exhume","floor":7.0},{"not_picked":["Demon Form","Thunderclap"],"picked":"Twin Strike","floor":8.0},{"not_picked":["Body Slam","Armaments","Carnage"],"picked":"SKIP","floor":11.0},{"not_picked":["Warcry","Body Slam","Fire Breathing"],"picked":"SKIP","floor":12.0},{"not_picked":["Feel No Pain","Warcry","Berserk"],"picked":"SKIP","floor":13.0},{"not_picked":["Warcry","Seeing Red"],"picked":"Uppercut","floor":14.0},{"not_picked":["Reaper","Bludgeon"],"picked":"Corruption","floor":16},{"not_picked":["Rage+1","Iron Wave"],"picked":"Whirlwind+1","floor":18},{"not_picked":["Headbutt","Anger"],"picked":"Dark Embrace","floor":20},{"not_picked":["Headbutt","Evolve","Combust"],"picked":"SKIP","floor":21},{"not_picked":["Carnage","Flex","Feed"],"picked":"SKIP","floor":22}],"player_experience":1287706,"relics_obtained":[{"floor":8.0,"key":"Kunai"},{"floor":9.0,"key":"Mercury Hourglass"},{"floor":12.0,"key":"Centennial Puzzle"}],"event_choices":[{"damage_healed":0.0,"max_hp_gain":0.0,"max_hp_loss":7.0,"gold_gain":0.0,"event_name":"Golden Idol","player_choice":"Lose Max HP","floor":2.0,"gold_loss":0.0,"damage_taken":0.0,"relics_obtained":["Golden Idol"]},{"cards_removed":["Strike_R"],"damage_healed":0.0,"max_hp_gain":0.0,"max_hp_loss":0.0,"gold_gain":0.0,"event_name":"Golden Wing","player_choice":"Card Removal","floor":5.0,"gold_loss":0.0,"damage_taken":7.0},{"cards_removed":["Perfected Strike"],"damage_healed":0,"gold_gain":0,"player_choice":"Gave Gold","damage_taken":0,"max_hp_gain":0,"max_hp_loss":0,"event_name":"Beggar","floor":19,"gold_loss":75}],"is_beta":false,"boss_relics":[{"not_picked":["Ectoplasm","Runic Cube"],"picked":"Philosopher\u0027s Stone"}],"items_purged_floors":[],"is_endless":false,"potions_floor_spawned":[3,8,13,20],"killed_by":"Book of Stabbing","ascension_level":20}