{"gold_per_floor":[112,129,146,146,71,105,105,118,145,176,186,212,212,224,224,300,300,320,337,369,53,53,53,78,78,129,140,173,200,200,300,300,375,375,386,386,402,402,427,427],"floor_reached":40,"playtime":2199,"items_purged":["Strike_R"],"score":934,"play_id":"b113cf52-41e4-4d7a-9b5c-b49468695ffd","local_time":"20201212111752","is_ascension_mode":true,"campfire_choices":[{"data":"Carnage","floor":7.0,"key":"SMITH"},{"data":"Bash","floor":13.0,"key":"SMITH"},{"data":"Feel No Pain","floor":15.0,"key":"SMITH"},{"data":"Double Tap","floor":23,"key":"SMITH"},{"data":"RitualDagger","floor":25,"key":"SMITH"},{"data":"1","floor":32,"key":"LIFT"}],"neow_cost":"NONE","seed_source_timestamp":1374489444698800,"circlet_count":0,"master_deck":["AscendersBane","Strike_R","Strike_R","Strike_R","Strike_R","Defend_R","Defend_R","Defend_R","Defend_R","Bash+1","Blood for Blood","Ghostly Armor","Carnage+1","Pommel Strike","Clothesline","Reaper","Feel No Pain+1","Reaper","Shrug It Off","Spot Weakness","Spot Weakness","Double Tap+1","RitualDagger+1","Carnage","Pommel Strike+1","Ghostly","Ghostly","Ghostly","Fiend Fire","Shrug It Off"],"special_seed":0,"relics":["Snecko Eye","Blood Vial","Potion Belt","Juzu Bracelet","Charon\u0027s Ashes","Coffee Dripper","Red Mask","Sling","PreservedInsect","Girya","Omamori","Shovel","The Courier","Busted Crown","Torii"],"potions_floor_usage":[20,20,24,27,33,40],"damage_taken":[{"damage":0.0,"enemies":"2 Louse","floor":1.0,"turns":3.0},{"damage":0.0,"enemies":"Cultist","floor":2.0,"turns":2.0},{"damage":7.0,"enemies":"Jaw Worm","floor":3.0,"turns":2.0},{"damage":0.0,"enemies":"Gremlin Nob","floor":6.0,"turns":3.0},{"damage":0.0,"enemies":"Red Slaver","floor":8.0,"turns":1.0},{"damage":5.0,"enemies":"3 Sentries","floor":10.0,"turns":6.0},{"damage":15.0,"enemies":"3 Louse","floor":11.0,"turns":2.0},{"damage":5.0,"enemies":"Lagavulin","floor":12.0,"turns":3.0},{"damage":1.0,"enemies":"Exordium Wildlife","floor":14.0,"turns":2.0},{"damage":37.0,"enemies":"The Guardian","floor":16.0,"turns":5.0},{"damage":2.0,"enemies":"Spheric Guardian","floor":18.0,"turns":3.0},{"damage":16.0,"enemies":"Shell Parasite","floor":19.0,"turns":2.0},{"damage":18,"enemies":"Masked Bandits","floor":20,"turns":4},{"damage":4,"enemies":"Slavers","floor":24,"turns":5},{"damage":12,"enemies":"Centurion and Healer","floor":27,"turns":3},{"damage":12,"enemies":"Gremlin Leader","floor":28,"turns":2},{"damage":10,"enemies":"Colosseum Slavers","floor":31,"turns":4},{"damage":0,"enemies":"Colosseum Nobs","floor":31,"turns":3},{"damage":60,"enemies":"Champ","floor":33,"turns":10},{"damage":6,"enemies":"3 Shapes","floor":35,"turns":2},{"damage":2,"enemies":"Orb Walker","floor":37,"turns":3},{"damage":0,"enemies":"Mind Bloom Boss Battle","floor":39,"turns":5},{"damage":33,"enemies":"Nemesis","floor":40,"turns":6}],"seed_played":"-3323652664611350563","potions_obtained":[{"floor":1.0,"key":"ElixirPotion"},{"floor":2.0,"key":"HeartOfIron"},{"floor":4.0,"key":"Fire Potion"},{"floor":12.0,"key":"BlessingOfTheForge"},{"floor":16.0,"key":"BlessingOfTheForge"},{"floor":18.0,"key":"LiquidMemories"},{"floor":19.0,"key":"EntropicBrew"},{"floor":31,"key":"Dexterity Potion"},{"floor":33,"key":"Explosive Potion"}],"is_trial":false,"path_per_floor":["M","M","M","?","$","E","R","M","T","E","M","E","R","M","R","B",null,"M","M","?","$","?","R","E","R","T","M","E","T","?","?","R","B",null,"M","?","M","?","?","E"],"character_chosen":"IRONCLAD","items_purchased":["Sling","Double Tap"],"campfire_rested":0,"item_purchase_floors":[21,21],"current_hp_per_floor":[68,68,61,61,61,61,61,63,63,60,47,44,44,53,53,24,62,62,48,32,32,26,26,58,58,58,69,63,63,37,37,37,13,31,37,35,33,33,35,2],"gold":427,"neow_bonus":"BOSS_RELIC","is_prod":false,"is_daily":false,"chose_seed":false,"campfire_upgraded":5,"win_rate":0,"timestamp":1607793472,"path_taken":["M","M","M","?","$","E","R","M","T","E","M","E","R","M","R","BOSS","M","M","?","$","?","R","E","R","T","M","E","?","?","?","R","BOSS","M","?","M","?","?","E"],"build_version":"2020-11-30","purchased_purges":1,"victory":false,"max_hp_per_floor":[75,75,75,75,75,75,75,75,75,75,75,75,75,75,75,75,75,75,75,75,75,75,75,75,75,75,75,75,75,37,37,37,37,37,37,35,35,35,35,35],"card_choices":[{"not_picked":["Evolve","Intimidate"],"picked":"Blood for Blood","floor":1.0},{"not_picked":["Cleave","Body Slam"],"picked":"Ghostly Armor","floor":2.0},{"not_picked":["Havoc","Clothesline"],"picked":"Carnage","floor":3.0},{"not_picked":["Dropkick","Thunderclap","Sword Boomerang"],"picked":"SKIP","floor":6.0},{"not_picked":["Perfected Strike","Heavy Blade"],"picked":"Pommel Strike","floor":8.0},{"not_picked":["Iron Wave","Warcry"],"picked":"Clothesline","floor":10.0},{"not_picked":["Wild Strike","True Grit","Ghostly Armor"],"picked":"SKIP","floor":11.0},{"not_picked":["Heavy Blade","Havoc"],"picked":"Reaper","floor":12.0},{"not_picked":["Heavy Blade","Clash"],"picked":"Feel No Pain","floor":14.0},{"not_picked":["Brutality","Juggernaut"],"picked":"Reaper","floor":16.0},{"not_picked":["Clothesline","Evolve"],"picked":"Shrug It Off","floor":18.0},{"not_picked":["Havoc","Pummel"],"picked":"Spot Weakness","floor":19.0},{"not_picked":["Wild Strike","Second Wind"],"picked":"Spot Weakness","floor":20},{"not_picked":["Searing Blow","Headbutt+1"],"picked":"Carnage","floor":24},{"not_picked":["Anger","Cleave"],"picked":"Pommel Strike+1","floor":27},{"not_picked":["Reckless Charge","Clash","Iron Wave"],"picked":"SKIP","floor":28},{"not_picked":["Exhume","Offering"],"picked":"Fiend Fire","floor":33},{"not_picked":[],"picked":"Shrug It Off","floor":35},{"not_picked":["Entrench"],"picked":"SKIP","floor":37}],"player_experience":1278921,"relics_obtained":[{"floor":6.0,"key":"Blood Vial"},{"floor":9.0,"key":"Potion Belt"},{"floor":10.0,"key":"Juzu Bracelet"},{"floor":12.0,"key":"Charon\u0027s Ashes"},{"floor":20,"key":"Red Mask"},{"floor":24,"key":"PreservedInsect"},{"floor":28,"key":"Girya"},{"floor":29,"key":"Omamori"},{"floor":31,"key":"Shovel"},{"floor":31,"key":"The Courier"},{"floor":39,"key":"Torii"}],"event_choices":[{"damage_healed":0.0,"max_hp_gain":0.0,"max_hp_loss":0.0,"gold_gain":0.0,"event_name":"Lab","player_choice":"Got Potions","floor":4.0,"gold_loss":0.0,"damage_taken":0.0},{"damage_healed":0,"gold_gain":0,"player_choice":"Fought Bandits","damage_taken":0,"max_hp_gain":0,"max_hp_loss":0,"event_name":"Masked Bandits","floor":20,"gold_loss":0},{"damage_healed":0,"gold_gain":0,"player_choice":"Joined the Cult","damage_taken":6,"max_hp_gain":0,"max_hp_loss":0,"event_name":"Nest","floor":22,"gold_loss":0,"cards_obtained":["RitualDagger"]},{"damage_healed":0,"gold_gain":0,"player_choice":"Became a Ghost","damage_taken":0,"max_hp_gain":0,"max_hp_loss":38,"event_name":"Ghosts","floor":30,"gold_loss":0,"cards_obtained":["Ghostly","Ghostly","Ghostly"]},{"damage_healed":0,"gold_gain":0,"player_choice":"Fight","damage_taken":0,"max_hp_gain":0,"max_hp_loss":0,"event_name":"Colosseum","floor":31,"gold_loss":0},{"damage_healed":0,"gold_gain":0,"player_choice":"Fought Nobs","damage_taken":0,"max_hp_gain":0,"max_hp_loss":0,"event_name":"Colosseum","floor":31,"gold_loss":0},{"damage_healed":0,"gold_gain":0,"player_choice":"Max HP","damage_taken":0,"max_hp_gain":0,"max_hp_loss":2,"event_name":"Winding Halls","floor":36,"gold_loss":0},{"damage_healed":0,"gold_gain":0,"player_choice":"Memory 1","damage_taken":0,"max_hp_gain":0,"max_hp_loss":0,"event_name":"SensoryStone","floor":38,"gold_loss":0},{"damage_healed":0,"gold_gain":0,"player_choice":"Fight","damage_taken":0,"max_hp_gain":0,"max_hp_loss":0,"event_name":"MindBloom","floor":39,"gold_loss":0}],"is_beta":false,"boss_relics":[{"not_picked":["Velvet Choker","Sozu"],"picked":"Coffee Dripper"},{"not_picked":["Calling Bell","Runic Dome"],"picked":"Busted Crown"}],"items_purged_floors":[5],"is_endless":false,"potions_floor_spawned":[1,2,8,12,16,18,19,31,33],"killed_by":"Nemesis","ascension_level":20}