{"gold_per_floor":[110,30,50,66,66,66,66,81,162,178,253,285,285,300,300,405,405,422,347,347,119,0,34,51,66,93,192,206,225,80,92,92,92],"floor_reached":33,"playtime":833,"items_purged":["Defend_R"],"score":319,"play_id":"94982cec-5453-4729-9611-1627f0b59d5a","local_time":"20201214215509","is_ascension_mode":false,"campfire_choices":[{"data":"Flex","floor":6,"key":"SMITH"},{"data":"Sword Boomerang","floor":13,"key":"SMITH"},{"data":"Flex","floor":15,"key":"SMITH"},{"data":"Flex","floor":32,"key":"SMITH"}],"neow_cost":"NONE","seed_source_timestamp":1586950975220900,"circlet_count":0,"master_deck":["Strike_R","Strike_R","Strike_R","Strike_R","Strike_R","Defend_R+1","Bash","Carnage","Battle Trance","Flex+1","Sword Boomerang+1","Inflame","Flex+1","Offering+1","Flex+1","Battle Trance+1","Impervious"],"relics":["Burning Blood","NeowsBlessing","Matryoshka","Anchor","Velvet Choker","Chemical X","Mango","Pear","Art of War","War Paint"],"potions_floor_usage":[16,33,33],"damage_taken":[{"damage":0,"enemies":"Jaw Worm","floor":1,"turns":1},{"damage":0,"enemies":"2 Louse","floor":3,"turns":1},{"damage":0,"enemies":"Small Slimes","floor":4,"turns":1},{"damage":11,"enemies":"Exordium Wildlife","floor":8,"turns":2},{"damage":0,"enemies":"Large Slime","floor":10,"turns":3},{"damage":14,"enemies":"Gremlin Nob","floor":12,"turns":3},{"damage":0,"enemies":"Blue Slaver","floor":14,"turns":2},{"damage":55,"enemies":"Hexaghost","floor":16,"turns":7},{"damage":6,"enemies":"Chosen","floor":18,"turns":2},{"damage":10,"enemies":"Gremlin Leader","floor":23,"turns":4},{"damage":6,"enemies":"Shell Parasite","floor":24,"turns":2},{"damage":16,"enemies":"Centurion and Healer","floor":25,"turns":3},{"damage":12,"enemies":"3 Cultists","floor":28,"turns":3},{"damage":32,"enemies":"Shelled Parasite and Fungi","floor":29,"turns":3},{"damage":12,"enemies":"Cultist and Chosen","floor":31,"turns":3},{"damage":28,"enemies":"Automaton","floor":33,"turns":4}],"seed_played":"-3083910347773817966","potions_obtained":[{"floor":1,"key":"Explosive Potion"},{"floor":8,"key":"LiquidMemories"},{"floor":10,"key":"BlessingOfTheForge"},{"floor":18,"key":"Regen Potion"}],"is_trial":false,"path_per_floor":["M","$","M","M","?","R","?","M","T","M","?","E","R","M","R","B",null,"M","?","?","$","?","E","M","M","T","?","M","M","$","M","R","B"],"character_chosen":"IRONCLAD","items_purchased":["Battle Trance","Chemical X","War Paint"],"campfire_rested":0,"item_purchase_floors":[2,21,30],"current_hp_per_floor":[80,80,80,80,73,73,78,73,73,79,68,60,60,66,66,17,85,85,85,69,69,69,79,79,69,79,79,73,47,47,41,41,13],"gold":92,"neow_bonus":"THREE_ENEMY_KILL","is_prod":false,"is_daily":false,"chose_seed":false,"campfire_upgraded":4,"win_rate":0,"timestamp":1608004509,"path_taken":["M","$","M","M","?","R","?","M","T","M","?","E","R","M","R","BOSS","M","?","?","$","?","E","M","M","T","?","M","M","$","M","R","BOSS"],"build_version":"2020-12-13","purchased_purges":1,"victory":false,"max_hp_per_floor":[80,80,80,80,80,80,85,85,85,85,85,85,85,85,85,85,85,85,85,90,90,90,104,104,104,114,114,114,114,114,114,114,114],"card_choices":[{"not_picked":["Sentinel","Wild Strike"],"picked":"Carnage","floor":1},{"not_picked":["Wild Strike","Clash"],"picked":"Flex","floor":3},{"not_picked":["Infernal Blade","Ghostly Armor"],"picked":"Sword Boomerang","floor":4},{"not_picked":["Combust","Power Through","Heavy Blade"],"picked":"SKIP","floor":8},{"not_picked":["Sever Soul","Armaments"],"picked":"Inflame","floor":10},{"not_picked":["Clothesline","Searing Blow"],"picked":"Flex","floor":12},{"not_picked":["Thunderclap","Wild Strike","Combust"],"picked":"SKIP","floor":14},{"not_picked":["Juggernaut","Fiend Fire"],"picked":"Offering","floor":16},{"not_picked":["Clash","Perfected Strike","Clothesline"],"picked":"SKIP","floor":18},{"not_picked":["Armaments","Anger+1","Reckless Charge"],"picked":"SKIP","floor":23},{"not_picked":["True Grit","Dropkick"],"picked":"Flex","floor":24},{"not_picked":["Sword Boomerang","Heavy Blade"],"picked":"Battle Trance+1","floor":25},{"not_picked":["Headbutt","Flame Barrier","Armaments+1"],"picked":"SKIP","floor":28},{"not_picked":["Searing Blow","Wild Strike","Evolve+1"],"picked":"SKIP","floor":29},{"not_picked":["Battle Trance","Havoc+1"],"picked":"Impervious","floor":31}],"player_experience":1300091,"relics_obtained":[{"floor":9,"key":"Matryoshka"},{"floor":12,"key":"Anchor"},{"floor":23,"key":"Mango"},{"floor":26,"key":"Pear"},{"floor":26,"key":"Art of War"}],"event_choices":[{"cards_removed":["Defend_R"],"damage_healed":0,"gold_gain":0,"player_choice":"Card Removal","damage_taken":7,"max_hp_gain":0,"max_hp_loss":0,"event_name":"Golden Wing","floor":5,"gold_loss":0},{"damage_healed":0,"gold_gain":0,"player_choice":"Donut","damage_taken":0,"max_hp_gain":5,"max_hp_loss":0,"event_name":"Big Fish","floor":7,"gold_loss":0},{"damage_healed":0,"gold_gain":75,"player_choice":"Gather Gold","damage_taken":11,"max_hp_gain":0,"max_hp_loss":0,"event_name":"World of Goop","floor":11,"gold_loss":0},{"cards_removed":["Defend_R"],"damage_healed":0,"gold_gain":0,"player_choice":"Gave Gold","damage_taken":0,"max_hp_gain":0,"max_hp_loss":0,"event_name":"Beggar","floor":19,"gold_loss":75},{"damage_healed":0,"gold_gain":0,"player_choice":"Shed Blood","damage_taken":21,"max_hp_gain":5,"max_hp_loss":0,"event_name":"Forgotten Altar","floor":20,"gold_loss":0},{"damage_healed":0,"gold_gain":0,"player_choice":"Paid Fearfully","damage_taken":0,"max_hp_gain":0,"max_hp_loss":0,"event_name":"Masked Bandits","floor":22,"gold_loss":119},{"damage_healed":0,"gold_gain":99,"player_choice":"Stole From Cult","damage_taken":0,"max_hp_gain":0,"max_hp_loss":0,"event_name":"Nest","floor":27,"gold_loss":0}],"is_beta":false,"boss_relics":[{"not_picked":["Astrolabe","Runic Cube"],"picked":"Velvet Choker"}],"items_purged_floors":[21],"is_endless":false,"potions_floor_spawned":[1,8,10,12,14,18,23],"killed_by":"Automaton","ascension_level":0}