{"gold_per_floor":[109,129,129,79,39,39,64,64,118,118,118,43,43,67,67,197,197,217,233,233,248,248,248,266,266,266,282,301,0,18,31,31,152,152,173,73,94,94,110,110,110,40,64,64,89,103,103,119,119,119],"floor_reached":51,"playtime":1129,"items_purged":["Strike_R","Defend_R"],"score":693,"play_id":"facab33b-a57a-45e7-967f-34ddedb2eb5f","local_time":"20201214222637","is_ascension_mode":false,"campfire_choices":[{"data":"Whirlwind","floor":6,"key":"SMITH"},{"data":"Bash","floor":13,"key":"SMITH"},{"data":"Perfected Strike","floor":15,"key":"SMITH"},{"data":"Flex","floor":23,"key":"SMITH"},{"data":"Offering","floor":25,"key":"SMITH"},{"floor":32,"key":"REST"},{"data":"Bloodletting","floor":40,"key":"SMITH"},{"data":"Whirlwind","floor":44,"key":"SMITH"},{"floor":49,"key":"RECALL"}],"neow_cost":"NONE","seed_source_timestamp":1588520519183300,"circlet_count":0,"master_deck":["Defend_R+1","Defend_R+1","Bash+1","Whirlwind+1","Offering+1","Bloodletting+1","Flex+1","Bite+1","Bite+1","Bite+1","Bite+1","Bite+1","Body Slam+1","Spot Weakness+1","Inflame+1","Whirlwind+1","Whirlwind+1"],"special_seed":0,"relics":["Burning Blood","NeowsBlessing","Golden Idol","Regal Pillow","Mark of Pain","Centennial Puzzle","FossilizedHelix","Sozu","Pantograph","Bronze Scales","Mark of the Bloom"],"potions_floor_usage":[8,16,16,28,33,33,50],"damage_taken":[{"damage":0.0,"enemies":"Small Slimes","floor":1.0,"turns":1.0},{"damage":0.0,"enemies":"Jaw Worm","floor":2.0,"turns":1.0},{"damage":0,"enemies":"Cultist","floor":7,"turns":1},{"damage":0,"enemies":"Large Slime","floor":8,"turns":1},{"damage":0,"enemies":"2 Fungi Beasts","floor":14,"turns":2},{"damage":93,"enemies":"The Guardian","floor":16,"turns":10},{"damage":18,"enemies":"Shell Parasite","floor":18,"turns":2},{"damage":21,"enemies":"2 Thieves","floor":19,"turns":4},{"damage":15,"enemies":"3 Cultists","floor":21,"turns":3},{"damage":21,"enemies":"Chosen and Byrds","floor":24,"turns":4},{"damage":16,"enemies":"Centurion and Healer","floor":27,"turns":2},{"damage":36,"enemies":"Snecko","floor":28,"turns":4},{"damage":10,"enemies":"Cultist and Chosen","floor":30,"turns":2},{"damage":12,"enemies":"3 Cultists","floor":31,"turns":3},{"damage":63,"enemies":"Collector","floor":33,"turns":7},{"damage":3,"enemies":"3 Shapes","floor":35,"turns":1},{"damage":0,"enemies":"3 Darklings","floor":37,"turns":1},{"damage":28,"enemies":"4 Shapes","floor":39,"turns":3},{"damage":0,"enemies":"Jaw Worm Horde","floor":45,"turns":1},{"damage":10,"enemies":"3 Darklings","floor":46,"turns":3},{"damage":17,"enemies":"Writhing Mass","floor":48,"turns":2},{"damage":48,"enemies":"Donu and Deca","floor":50,"turns":3}],"seed_played":"8888506468607825737","potions_obtained":[{"floor":5,"key":"EntropicBrew"},{"floor":5,"key":"BloodPotion"},{"floor":5,"key":"SmokeBomb"},{"floor":28,"key":"Fruit Juice"},{"floor":31,"key":"HeartOfIron"}],"is_trial":false,"path_per_floor":["M","M","?","?","?","R","M","M","T","$","?","$","R","M","R","B",null,"M","M","?","M","?","R","M","R","T","M","M","$","M","M","R","B",null,"M","$","M","?","M","R","?","$","T","R","M","M","?","M","R","B",null],"character_chosen":"IRONCLAD","items_purchased":["FossilizedHelix","Whirlwind"],"campfire_rested":1,"item_purchase_floors":[29,42],"current_hp_per_floor":[80,80,60,60,60,60,66,72,72,72,69,69,69,77,77,8,80,68,55,55,52,52,52,45,45,45,37,26,26,26,28,68,33,85,85,85,85,85,65,65,65,65,65,65,71,73,73,56,56,8],"gold":119,"neow_bonus":"THREE_ENEMY_KILL","is_prod":false,"is_daily":false,"chose_seed":false,"campfire_upgraded":7,"win_rate":0,"timestamp":1608006397,"path_taken":["M","M","?","?","?","R","?","M","T","$","?","$","R","M","R","BOSS","M","M","?","M","?","R","M","R","T","?","?","?","M","M","R","BOSS","M","?","M","?","?","R","?","$","T","R","M","?","?","M","R","BOSS"],"build_version":"2020-12-13","purchased_purges":2,"victory":true,"max_hp_per_floor":[80,80,80,80,80,80,80,80,80,80,80,80,80,80,80,80,80,80,80,80,80,80,80,80,80,80,80,85,85,85,85,85,85,85,85,85,85,85,85,85,85,85,85,85,85,85,85,85,85,85],"card_choices":[{"not_picked":["Flame Barrier","Clash"],"picked":"Perfected Strike","floor":1.0},{"not_picked":["Flex","Anger"],"picked":"Whirlwind","floor":2},{"not_picked":["Twin Strike","Perfected Strike","Carnage"],"picked":"SKIP","floor":7},{"not_picked":["Sword Boomerang","Anger","Twin Strike"],"picked":"SKIP","floor":14},{"not_picked":["Fiend Fire","Immolate"],"picked":"Offering","floor":16},{"not_picked":["Shrug It Off","Infernal Blade"],"picked":"Bloodletting","floor":18},{"not_picked":["Feel No Pain","True Grit"],"picked":"Flex","floor":19},{"not_picked":["Pommel Strike","Dropkick+1","Rage"],"picked":"SKIP","floor":21},{"not_picked":["Shrug It Off+1","Sword Boomerang+1","Clothesline"],"picked":"SKIP","floor":24},{"not_picked":["Thunderclap","Anger+1","Blood for Blood"],"picked":"SKIP","floor":27},{"not_picked":["Heavy Blade","Wild Strike","Bludgeon"],"picked":"SKIP","floor":28},{"not_picked":["Wild Strike+1","Clothesline","Headbutt+1"],"picked":"SKIP","floor":30},{"not_picked":["Cleave+1","Feel No Pain","Fire Breathing+1"],"picked":"SKIP","floor":31},{"not_picked":["Cleave","Warcry+1"],"picked":"Spot Weakness+1","floor":35},{"not_picked":["True Grit","Armaments"],"picked":"Inflame+1","floor":37},{"not_picked":["Armaments","Dropkick+1","Pummel+1"],"picked":"SKIP","floor":39},{"not_picked":["Armaments","Iron Wave+1"],"picked":"Whirlwind+1","floor":45},{"not_picked":["Combust+1","Bloodletting","Feel No Pain+1"],"picked":"SKIP","floor":46},{"not_picked":["Carnage","Anger+1","Headbutt"],"picked":"SKIP","floor":48}],"player_experience":1301583,"relics_obtained":[{"floor":9,"key":"Blood Vial"},{"floor":26,"key":"Centennial Puzzle"},{"floor":38,"key":"Pantograph"},{"floor":43,"key":"Bronze Scales"}],"event_choices":[{"damage_healed":0,"gold_gain":0,"player_choice":"Take Damage","damage_taken":20,"relics_obtained":["Golden Idol"],"max_hp_gain":0,"max_hp_loss":0,"event_name":"Golden Idol","floor":3,"gold_loss":0},{"cards_removed":["Defend_R"],"damage_healed":0,"gold_gain":0,"player_choice":"Card Removal","damage_taken":0,"max_hp_gain":0,"max_hp_loss":0,"event_name":"The Cleric","floor":4,"gold_loss":50},{"damage_healed":0,"gold_gain":0,"player_choice":"Bought 3 Potions","damage_taken":0,"max_hp_gain":0,"max_hp_loss":0,"event_name":"The Woman in Blue","floor":5,"gold_loss":0},{"damage_healed":0,"gold_gain":0,"player_choice":"Success","damage_taken":3,"relics_obtained":["Regal Pillow"],"max_hp_gain":0,"max_hp_loss":0,"event_name":"Scrap Ooze","floor":11,"gold_loss":0},{"damage_healed":0,"gold_gain":0,"player_choice":"Became a vampire (Vial)","damage_taken":0,"max_hp_gain":0,"max_hp_loss":0,"event_name":"Vampires","floor":20,"relics_lost":["Blood Vial"],"gold_loss":0,"cards_obtained":["Bite","Bite","Bite","Bite","Bite"]},{"damage_healed":0,"gold_gain":0,"cards_transformed":["Perfected Strike"],"player_choice":"Transformed","damage_taken":0,"max_hp_gain":0,"max_hp_loss":0,"event_name":"Transmorgrifier","floor":22,"gold_loss":0,"cards_obtained":["Body Slam"]},{"damage_healed":0,"gold_gain":0,"player_choice":"Relic","damage_taken":0,"max_hp_gain":0,"max_hp_loss":0,"event_name":"Wheel of Change","floor":38,"gold_loss":0},{"damage_healed":0,"gold_gain":0,"player_choice":"Ignored","damage_taken":0,"max_hp_gain":0,"max_hp_loss":0,"event_name":"NoteForYourself","floor":41,"gold_loss":0},{"damage_healed":0,"gold_gain":0,"player_choice":"Upgrade","damage_taken":0,"relics_obtained":["Mark of the Bloom"],"max_hp_gain":0,"max_hp_loss":0,"event_name":"MindBloom","floor":47,"gold_loss":0,"cards_upgraded":["Defend_R","Defend_R","Bite","Bite","Bite","Bite","Bite","Body Slam"]}],"is_beta":false,"boss_relics":[{"not_picked":["Calling Bell","Busted Crown"],"picked":"Mark of Pain"},{"not_picked":["Empty Cage","SacredBark"],"picked":"Sozu"}],"items_purged_floors":[12,36],"is_endless":false,"potions_floor_spawned":[7,16,21,24,28,31,37,46,48],"ascension_level":0}