{"gold_per_floor":[112,37,37,37,53,53,79,79,79,94,113,113,132,142,142,241,241,255,267,267,278,278,278,291,307,307,320,24,24,44,55,55,55],"floor_reached":33,"playtime":800,"items_purged":["Defend_R","Defend_R"],"score":278,"play_id":"6f7893ec-ba3e-4862-8d4f-32c614873b0b","local_time":"20201214213957","is_ascension_mode":false,"campfire_choices":[{"data":"Twin Strike","floor":6,"key":"SMITH"},{"data":"Strike_R","floor":8,"key":"SMITH"},{"data":"Wild Strike","floor":15,"key":"SMITH"},{"data":"Spot Weakness","floor":23,"key":"SMITH"},{"data":"Flex","floor":32,"key":"SMITH"}],"neow_cost":"NONE","seed_source_timestamp":1586071471095000,"circlet_count":0,"master_deck":["Strike_R+1","Strike_R","Strike_R","Strike_R","Strike_R","Defend_R","Bash+1","Twin Strike+1","Battle Trance","Wild Strike+1","Limit Break","Whirlwind+1","Spot Weakness+1","Shrug It Off+1","Flex+1","Whirlwind+1","Flex"],"relics":["Burning Blood","NeowsBlessing","Nunchaku","Dream Catcher","Snecko Eye","Blue Candle","DollysMirror"],"potions_floor_usage":[14,16,16,16,18,33,33],"damage_taken":[{"damage":0,"enemies":"2 Louse","floor":1,"turns":1},{"damage":0,"enemies":"Cultist","floor":5,"turns":1},{"damage":0,"enemies":"3 Sentries","floor":7,"turns":1},{"damage":11,"enemies":"Jaw Worm","floor":10,"turns":2},{"damage":11,"enemies":"Red Slaver","floor":11,"turns":3},{"damage":11,"enemies":"Large Slime","floor":13,"turns":5},{"damage":19,"enemies":"Exordium Thugs","floor":14,"turns":3},{"damage":49,"enemies":"Hexaghost","floor":16,"turns":7},{"damage":20,"enemies":"2 Thieves","floor":18,"turns":3},{"damage":5,"enemies":"Chosen","floor":19,"turns":3},{"damage":8,"enemies":"Snecko","floor":21,"turns":3},{"damage":35,"enemies":"Shelled Parasite and Fungi","floor":24,"turns":3},{"damage":18,"enemies":"Snake Plant","floor":25,"turns":3},{"damage":0,"enemies":"Centurion and Healer","floor":27,"turns":4},{"damage":8,"enemies":"Snecko","floor":30,"turns":3},{"damage":12,"enemies":"3 Cultists","floor":31,"turns":3},{"damage":8,"enemies":"Collector","floor":33,"turns":2}],"seed_played":"4622713550322898376","potions_obtained":[{"floor":7,"key":"Strength Potion"},{"floor":11,"key":"AttackPotion"},{"floor":12,"key":"DuplicationPotion"},{"floor":14,"key":"Regen Potion"},{"floor":16,"key":"FearPotion"},{"floor":18,"key":"FearPotion"},{"floor":21,"key":"Dexterity Potion"},{"floor":25,"key":"HeartOfIron"}],"is_trial":false,"path_per_floor":["M","$","?","$","M","R","E","R","T","M","M","?","M","M","R","B",null,"M","M","?","M","$","R","M","M","T","M","$","$","M","M","R","B"],"character_chosen":"IRONCLAD","items_purchased":["Flex","DollysMirror"],"campfire_rested":0,"item_purchase_floors":[28,28],"current_hp_per_floor":[80,80,80,80,80,80,80,80,80,75,70,70,65,52,52,24,80,66,67,67,65,65,65,36,24,24,30,30,30,28,22,22,14],"gold":55,"neow_bonus":"THREE_ENEMY_KILL","is_prod":false,"is_daily":false,"chose_seed":false,"campfire_upgraded":5,"win_rate":0,"timestamp":1608003597,"path_taken":["M","$","?","?","M","R","E","R","T","M","M","?","?","M","R","BOSS","M","M","?","M","$","R","M","M","T","M","?","$","M","M","R","BOSS"],"build_version":"2020-12-13","purchased_purges":2,"victory":false,"max_hp_per_floor":[80,80,80,80,80,80,80,80,80,80,80,80,80,80,80,80,80,80,80,80,80,80,80,80,80,80,80,80,80,80,80,80,80],"card_choices":[{"not_picked":["Iron Wave","Dark Embrace"],"picked":"Twin Strike","floor":1},{"not_picked":["Havoc","Armaments","Infernal Blade"],"picked":"SKIP","floor":5},{"not_picked":["Reckless Charge","Clothesline","Barricade"],"picked":"SKIP","floor":7},{"not_picked":["Iron Wave","Thunderclap"],"picked":"Battle Trance","floor":10},{"not_picked":["Intimidate","Body Slam"],"picked":"Wild Strike","floor":11},{"not_picked":["Headbutt","Clash","True Grit"],"picked":"SKIP","floor":13},{"not_picked":["Armaments","Spot Weakness","Sentinel"],"picked":"SKIP","floor":14},{"not_picked":["Corruption","Fiend Fire"],"picked":"Limit Break","floor":16},{"not_picked":["Thunderclap","Iron Wave+1"],"picked":"Whirlwind+1","floor":18},{"not_picked":["Twin Strike+1","Second Wind"],"picked":"Spot Weakness","floor":19},{"not_picked":["True Grit+1","Havoc","Combust"],"picked":"SKIP","floor":21},{"not_picked":["Flame Barrier","Carnage"],"picked":"Shrug It Off+1","floor":24},{"not_picked":["Sword Boomerang","Wild Strike","Havoc"],"picked":"SKIP","floor":25},{"not_picked":["Thunderclap","Intimidate","Havoc"],"picked":"SKIP","floor":27},{"not_picked":["Rampage","Anger","Flame Barrier+1"],"picked":"SKIP","floor":30},{"not_picked":["Body Slam+1","Cleave"],"picked":"Flex","floor":31}],"player_experience":1299291,"relics_obtained":[{"floor":7,"key":"Nunchaku"},{"floor":9,"key":"Dream Catcher"},{"floor":26,"key":"Blue Candle"}],"event_choices":[{"damage_healed":0,"gold_gain":0,"player_choice":"Forge","damage_taken":0,"max_hp_gain":0,"max_hp_loss":0,"event_name":"Accursed Blacksmith","floor":3,"gold_loss":0,"cards_upgraded":["Bash"]},{"damage_healed":0,"gold_gain":0,"player_choice":"Got Potions","damage_taken":0,"max_hp_gain":0,"max_hp_loss":0,"event_name":"Lab","floor":12,"gold_loss":0},{"cards_removed":["Defend_R"],"damage_healed":0,"gold_gain":0,"player_choice":"Purged","damage_taken":0,"max_hp_gain":0,"max_hp_loss":0,"event_name":"Purifier","floor":20,"gold_loss":0}],"is_beta":false,"boss_relics":[{"not_picked":["SlaversCollar","Mark of Pain"],"picked":"Snecko Eye"}],"items_purged_floors":[2,28],"is_endless":false,"potions_floor_spawned":[7,11,13,14,16,18,21,25],"killed_by":"Collector","ascension_level":0}