{"gold_per_floor":[118,193,211,211,228,228,260,44,44,63,63,144,163,181,181,283,283,293,306,335,335,40,57,77,37,64,64,89,105,105,125,125,229,229,244,244,263,263,277,277,289,208,208,223,177,177,77,102,102,102],"floor_reached":51,"playtime":2141,"items_purged":["Strike_R","Strike_R+1"],"score":756,"play_id":"6f2597ed-2b59-4ebf-9425-846efa68c992","local_time":"20201214211353","is_ascension_mode":true,"campfire_choices":[{"data":"Inflame","floor":6.0,"key":"SMITH"},{"data":"Whirlwind","floor":11.0,"key":"SMITH"},{"data":"Spot Weakness","floor":15.0,"key":"SMITH"},{"floor":27.0,"key":"REST"},{"data":"Whirlwind","floor":30.0,"key":"SMITH"},{"data":"Feed","floor":32.0,"key":"SMITH"},{"data":"Shockwave","floor":40.0,"key":"SMITH"},{"data":"Entrench","floor":46,"key":"SMITH"},{"floor":49,"key":"REST"}],"neow_cost":"NONE","seed_source_timestamp":1583041448948700,"circlet_count":0,"master_deck":["Strike_R+1","Strike_R+1","Defend_R+1","Defend_R+1","Defend_R+1","Defend_R+1","Bash+1","Twin Strike","Shrug It Off","Inflame+1","Inflame+1","Spot Weakness+1","Ghostly Armor","Whirlwind+1","Shrug It Off","Impervious","Sword Boomerang+1","Shrug It Off+1","Shockwave+1","Reaper+1","Shrug It Off","Whirlwind+1","Feed+1","Battle Trance","Impervious","Pommel Strike+1","Entrench+1","Entrench+1","Shrug It Off"],"special_seed":0,"relics":["Velvet Choker"],"potions_floor_usage":[50,50],"damage_taken":[{"damage":0.0,"enemies":"2 Louse","floor":1.0,"turns":2.0},{"damage":11.0,"enemies":"Jaw Worm","floor":3.0,"turns":2.0},{"damage":0.0,"enemies":"Cultist","floor":5.0,"turns":3.0},{"damage":5.0,"enemies":"3 Sentries","floor":7.0,"turns":7.0},{"damage":1.0,"enemies":"Exordium Wildlife","floor":10.0,"turns":4.0},{"damage":0.0,"enemies":"Blue Slaver","floor":13.0,"turns":3.0},{"damage":13.0,"enemies":"Large Slime","floor":14.0,"turns":4.0},{"damage":17.0,"enemies":"The Guardian","floor":16.0,"turns":6.0},{"damage":2.0,"enemies":"2 Thieves","floor":18.0,"turns":2.0},{"damage":0.0,"enemies":"3 Byrds","floor":19.0,"turns":4.0},{"damage":16.0,"enemies":"Masked Bandits","floor":20.0,"turns":3.0},{"damage":14.0,"enemies":"Snake Plant","floor":23.0,"turns":5.0},{"damage":19.0,"enemies":"Shelled Parasite and Fungi","floor":24.0,"turns":6.0},{"damage":8.0,"enemies":"Gremlin Leader","floor":28.0,"turns":6.0},{"damage":0.0,"enemies":"Cultist and Chosen","floor":29.0,"turns":4.0},{"damage":3.0,"enemies":"Snake Plant","floor":31.0,"turns":4.0},{"damage":67.0,"enemies":"Collector","floor":33.0,"turns":8.0},{"damage":2.0,"enemies":"Orb Walker","floor":35.0,"turns":3.0},{"damage":5.0,"enemies":"3 Darklings","floor":37.0,"turns":5.0},{"damage":19.0,"enemies":"4 Shapes","floor":39.0,"turns":4.0},{"damage":0.0,"enemies":"Jaw Worm Horde","floor":41.0,"turns":2.0},{"damage":4,"enemies":"3 Darklings","floor":44,"turns":3},{"damage":30,"enemies":"Reptomancer","floor":48,"turns":7},{"damage":79,"enemies":"Time Eater","floor":50,"turns":12}],"seed_played":"6316690408179979487","potions_obtained":[{"floor":1.0,"key":"Fire Potion"},{"floor":10.0,"key":"Ancient Potion"},{"floor":18.0,"key":"SteroidPotion"},{"floor":20.0,"key":"DuplicationPotion"},{"floor":29.0,"key":"SmokeBomb"},{"floor":31.0,"key":"Explosive Potion"}],"is_trial":false,"path_per_floor":["M","?","M","?","M","R","E","$","T","M","R","T","M","M","R","B",null,"M","M","?","?","$","M","M","?","T","R","E","M","R","M","R","B",null,"M","?","M","?","M","R","M","$","T","M","$","R","$","E","R","B",null],"character_chosen":"IRONCLAD","items_purchased":["Spot Weakness","Ghostly Armor","Reaper","Shrug It Off","Whirlwind","Entrench","Shrug It Off"],"campfire_rested":2,"item_purchase_floors":[8,8,22,22,22,42,45],"current_hp_per_floor":[80,69,58,58,58,58,53,53,53,52,52,52,52,39,39,22,80,78,78,62,62,62,58,48,48,48,72,76,80,80,77,77,24,80,84,84,84,84,65,65,84,84,84,80,80,80,80,54,80,21],"gold":102,"neow_bonus":"BOSS_RELIC","is_prod":false,"is_daily":false,"chose_seed":false,"campfire_upgraded":7,"win_rate":0,"timestamp":1608002033,"path_taken":["M","?","M","?","M","R","E","$","T","?","R","?","M","M","R","BOSS","M","M","?","?","$","M","M","?","T","R","E","?","R","M","R","BOSS","M","?","M","?","M","R","M","?","T","M","$","R","$","E","R","BOSS"],"build_version":"2020-12-13","purchased_purges":2,"victory":true,"max_hp_per_floor":[80,80,80,80,80,80,80,80,80,80,80,80,80,80,80,80,80,80,80,80,80,80,80,80,80,80,80,80,80,80,80,80,80,80,84,84,84,84,84,84,84,84,84,84,84,84,84,88,88,88],"card_choices":[{"not_picked":["Rupture","Dark Embrace"],"picked":"Twin Strike","floor":1.0},{"not_picked":["Dark Embrace","Headbutt"],"picked":"Shrug It Off","floor":3.0},{"not_picked":["Heavy Blade","Sword Boomerang"],"picked":"Inflame","floor":5.0},{"not_picked":["Power Through","Perfected Strike"],"picked":"Inflame","floor":7.0},{"not_picked":["Armaments","Intimidate"],"picked":"Whirlwind","floor":10.0},{"not_picked":["Havoc","Hemokinesis","Dual Wield"],"picked":"SKIP","floor":13.0},{"not_picked":["Anger","Thunderclap"],"picked":"Shrug It Off","floor":14.0},{"not_picked":["Juggernaut","Bludgeon"],"picked":"Impervious","floor":16.0},{"not_picked":["Power Through","Flex"],"picked":"Sword Boomerang+1","floor":18.0},{"not_picked":["Anger","Twin Strike+1"],"picked":"Shrug It Off+1","floor":19.0},{"not_picked":["Pommel Strike","Flex"],"picked":"Shockwave","floor":20.0},{"not_picked":["Clothesline","Intimidate","Cleave"],"picked":"SKIP","floor":23.0},{"not_picked":["Shrug It Off","Clash","Twin Strike"],"picked":"SKIP","floor":24.0},{"not_picked":["Sentinel","Clothesline"],"picked":"Feed","floor":28.0},{"not_picked":["Combust","Dual Wield"],"picked":"Battle Trance","floor":29.0},{"not_picked":["Clash","Seeing Red","Twin Strike"],"picked":"SKIP","floor":31.0},{"not_picked":["Berserk","Juggernaut"],"picked":"Impervious","floor":33.0},{"not_picked":["Clash+1","Shrug It Off"],"picked":"Pommel Strike+1","floor":35.0},{"not_picked":["True Grit+1","Wild Strike+1","Clash+1"],"picked":"SKIP","floor":37.0},{"not_picked":["Whirlwind+1","Headbutt+1"],"picked":"Entrench+1","floor":39.0},{"not_picked":["Reckless Charge","Twin Strike","Sever Soul"],"picked":"SKIP","floor":41.0},{"not_picked":["Ghostly Armor+1","Dropkick+1","Perfected Strike+1"],"picked":"SKIP","floor":44},{"not_picked":["Seeing Red+1","Juggernaut","Wild Strike"],"picked":"SKIP","floor":48}],"player_experience":1297101,"relics_obtained":[],"event_choices":[{"damage_healed":0.0,"max_hp_gain":0.0,"max_hp_loss":0.0,"gold_gain":75.0,"event_name":"World of Goop","player_choice":"Gather Gold","floor":2.0,"gold_loss":0.0,"damage_taken":11.0},{"damage_healed":0.0,"max_hp_gain":0.0,"max_hp_loss":0.0,"gold_gain":0.0,"event_name":"Accursed Blacksmith","player_choice":"Forge","floor":4.0,"gold_loss":0.0,"damage_taken":0.0,"cards_upgraded":["Bash"]},{"damage_healed":0.0,"max_hp_gain":0.0,"max_hp_loss":0.0,"gold_gain":0.0,"event_name":"Masked Bandits","player_choice":"Fought Bandits","floor":20.0,"gold_loss":0.0,"damage_taken":0.0},{"damage_healed":0.0,"max_hp_gain":0.0,"max_hp_loss":0.0,"gold_gain":0.0,"event_name":"Back to Basics","player_choice":"Simplicity","floor":21.0,"gold_loss":0.0,"damage_taken":0.0,"cards_upgraded":["Strike_R","Strike_R","Strike_R","Strike_R","Defend_R","Defend_R","Defend_R","Defend_R"]},{"damage_healed":0.0,"max_hp_gain":0.0,"max_hp_loss":0.0,"gold_gain":0.0,"event_name":"Designer","player_choice":"Upgraded Two","floor":25.0,"gold_loss":40.0,"damage_taken":0.0,"cards_upgraded":["Inflame","Reaper"]},{"cards_removed":["Strike_R"],"damage_healed":0.0,"max_hp_gain":0.0,"max_hp_loss":0.0,"gold_gain":0.0,"event_name":"Falling","player_choice":"Removed Attack","floor":36.0,"gold_loss":0.0,"damage_taken":0.0},{"damage_healed":0.0,"max_hp_gain":0.0,"max_hp_loss":0.0,"gold_gain":0.0,"event_name":"Tomb of Lord Red Mask","player_choice":"Ignored","floor":38.0,"gold_loss":0.0,"damage_taken":0.0}],"is_beta":false,"boss_relics":[{"not_picked":[]},{"not_picked":[]}],"items_purged_floors":[8,47],"is_endless":false,"potions_floor_spawned":[1,10,18,20,29,31,37,41],"ascension_level":1}