{"gold_per_floor":[113,113,113,38,51,85,85,102,129,141,153,184,54,71,71,144,144,144],"floor_reached":18,"playtime":1003,"items_purged":["Defend_R"],"score":494,"play_id":"b1523554-5305-47b9-addc-30d51f8b49cf","local_time":"20210502155125","is_ascension_mode":true,"campfire_choices":[{"data":"Perfected Strike","floor":7.0,"key":"SMITH"},{"data":"Perfected Strike","floor":15,"key":"SMITH"}],"neow_cost":"NONE","seed_source_timestamp":2241911072006600,"circlet_count":0,"master_deck":["AscendersBane","Strike_R","Strike_R","Strike_R","Strike_R","Strike_R","Defend_R","Defend_R","Bash","Perfected Strike+1","Headbutt","Armaments","Perfected Strike+1","Anger","Shrug It Off","Anger","Sword Boomerang","Fiend Fire"],"special_seed":0,"relics":["Burning Blood","NeowsBlessing","Centennial Puzzle","Orichalcum","Pen Nib","Shuriken","Runic Dome"],"potions_floor_usage":[16],"damage_taken":[{"damage":0.0,"enemies":"Jaw Worm","floor":1.0,"turns":1.0},{"damage":0.0,"enemies":"2 Louse","floor":5.0,"turns":1.0},{"damage":0.0,"enemies":"Gremlin Nob","floor":6.0,"turns":1.0},{"damage":0.0,"enemies":"Cultist","floor":8.0,"turns":3.0},{"damage":14.0,"enemies":"3 Louse","floor":10.0,"turns":3.0},{"damage":6.0,"enemies":"2 Fungi Beasts","floor":11.0,"turns":2.0},{"damage":24.0,"enemies":"Lagavulin","floor":12.0,"turns":6.0},{"damage":4,"enemies":"Red Slaver","floor":14,"turns":3},{"damage":0,"enemies":"Slime Boss","floor":16,"turns":5},{"damage":0,"enemies":"3 Byrds","floor":18,"turns":1}],"seed_played":"4377275596275033482","potions_obtained":[{"floor":1.0,"key":"GamblersBrew"},{"floor":10.0,"key":"Strength Potion"},{"floor":11.0,"key":"Swift Potion"}],"is_trial":false,"path_per_floor":["M","?","?","?","M","E","R","M","T","M","M","E","$","M","R","B",null,"M"],"character_chosen":"IRONCLAD","items_purchased":["Anger"],"campfire_rested":0,"item_purchase_floors":[13],"current_hp_per_floor":[74,79,68,68,74,80,80,80,80,72,72,54,54,56,56,62,76,76],"gold":144,"neow_bonus":"THREE_ENEMY_KILL","is_prod":false,"is_daily":false,"chose_seed":false,"campfire_upgraded":2,"win_rate":0,"timestamp":1619988685,"path_taken":["M","?","?","?","M","E","R","M","T","M","M","E","?","M","R","BOSS","M"],"build_version":"2020-12-22","purchased_purges":1,"victory":false,"max_hp_per_floor":[75,80,80,80,80,80,80,80,80,80,80,80,80,80,80,80,80,80],"card_choices":[{"not_picked":["Dropkick","Body Slam"],"picked":"Perfected Strike","floor":1.0},{"not_picked":["Searing Blow","Rage"],"picked":"Headbutt","floor":5.0},{"not_picked":["Heavy Blade","Cleave","Armaments"],"picked":"SKIP","floor":6.0},{"not_picked":["Heavy Blade","Cleave"],"picked":"Armaments","floor":6.0},{"not_picked":["Pummel","Limit Break"],"picked":"Perfected Strike","floor":8.0},{"not_picked":["Iron Wave","Heavy Blade"],"picked":"Anger","floor":10.0},{"not_picked":["Heavy Blade","Armaments"],"picked":"Shrug It Off","floor":11.0},{"not_picked":["Berserk","Flex","Clash"],"picked":"SKIP","floor":12.0},{"not_picked":["Infernal Blade","Perfected Strike"],"picked":"Sword Boomerang","floor":14},{"not_picked":["Feed","Berserk"],"picked":"Fiend Fire","floor":16}],"player_experience":1519716,"relics_obtained":[{"floor":6.0,"key":"Orichalcum"},{"floor":9.0,"key":"Pen Nib"},{"floor":12.0,"key":"Shuriken"}],"event_choices":[{"damage_healed":0.0,"max_hp_gain":5.0,"max_hp_loss":0.0,"gold_gain":0.0,"event_name":"Big Fish","player_choice":"Donut","floor":2.0,"gold_loss":0.0,"damage_taken":0.0},{"damage_healed":0.0,"max_hp_gain":0.0,"max_hp_loss":0.0,"gold_gain":0.0,"event_name":"Scrap Ooze","player_choice":"Success","floor":3.0,"gold_loss":0.0,"damage_taken":11.0,"relics_obtained":["Centennial Puzzle"]},{"cards_removed":["Defend_R"],"damage_healed":0.0,"max_hp_gain":0.0,"max_hp_loss":0.0,"gold_gain":0.0,"event_name":"The Cleric","player_choice":"Card Removal","floor":4.0,"gold_loss":75.0,"damage_taken":0.0}],"is_beta":false,"boss_relics":[{"not_picked":["Black Star","Astrolabe"],"picked":"Runic Dome"}],"items_purged_floors":[13],"is_endless":false,"potions_floor_spawned":[1,10,11,12],"killed_by":"3 Byrds","ascension_level":20}