{"gold_per_floor":[117,136,51,62,62,62,73,106,157,187,187,205,205,234,234,234],"floor_reached":16,"playtime":734,"items_purged":[],"score":240,"play_id":"8698a14e-1a25-4490-8090-201ee90b12ad","local_time":"20210430205954","is_ascension_mode":true,"campfire_choices":[{"data":"Carnage","floor":6,"key":"SMITH"},{"data":"Whirlwind","floor":11,"key":"SMITH"},{"data":"Spot Weakness","floor":15,"key":"SMITH"}],"neow_cost":"NONE","seed_source_timestamp":2087912236529600,"circlet_count":0,"master_deck":["AscendersBane","Strike_R","Strike_R","Strike_R","Strike_R","Defend_R","Defend_R","Defend_R","Defend_R","Bash","Spot Weakness","Hemokinesis","Carnage+1","Whirlwind+1","Seeing Red","Fiend Fire+1","Spot Weakness+1"],"relics":["Burning Blood","Question Card","Anchor","Dream Catcher","Turnip"],"potions_floor_usage":[7,16,16],"damage_taken":[{"damage":16,"enemies":"Jaw Worm","floor":1,"turns":5},{"damage":8,"enemies":"2 Louse","floor":2,"turns":4},{"damage":7,"enemies":"Small Slimes","floor":4,"turns":3},{"damage":2,"enemies":"Gremlin Gang","floor":7,"turns":2},{"damage":10,"enemies":"Gremlin Nob","floor":8,"turns":3},{"damage":14,"enemies":"3 Sentries","floor":10,"turns":6},{"damage":0,"enemies":"Exordium Wildlife","floor":12,"turns":2},{"damage":27,"enemies":"Lagavulin","floor":14,"turns":5},{"damage":40,"enemies":"The Guardian","floor":16,"turns":8}],"seed_played":"7333183418952936865","potions_obtained":[{"floor":2,"key":"AttackPotion"},{"floor":4,"key":"Fruit Juice"},{"floor":14,"key":"Dexterity Potion"}],"is_trial":false,"path_per_floor":["M","M","$","M","?","R","M","E","T","E","R","M","?","E","R","B"],"character_chosen":"IRONCLAD","items_purchased":["Carnage"],"campfire_rested":0,"item_purchase_floors":[3],"current_hp_per_floor":[65,63,63,62,55,55,59,55,55,47,47,53,53,32,32,0],"gold":234,"neow_bonus":"TEN_PERCENT_HP_BONUS","is_prod":false,"is_daily":false,"chose_seed":false,"campfire_upgraded":3,"win_rate":0,"timestamp":1619834394,"path_taken":["M","M","$","M","?","R","M","E","T","E","R","M","?","E","R","BOSS"],"build_version":"2020-12-22","purchased_purges":0,"victory":false,"max_hp_per_floor":[82,82,82,82,82,82,82,82,82,82,82,82,82,82,82,87],"card_choices":[{"not_picked":["Shrug It Off","Clothesline"],"picked":"Spot Weakness","floor":1},{"not_picked":["Sword Boomerang","Shockwave"],"picked":"Hemokinesis","floor":2},{"not_picked":["Perfected Strike","Metallicize"],"picked":"Whirlwind","floor":4},{"not_picked":["Entrench","Rampage","Combust"],"picked":"SKIP","floor":7},{"not_picked":["Heavy Blade","Fire Breathing"],"picked":"Seeing Red","floor":8},{"not_picked":["Armaments","Power Through","Wild Strike"],"picked":"Fiend Fire","floor":10},{"not_picked":["Combust","Perfected Strike","Fire Breathing"],"picked":"Spot Weakness","floor":12},{"not_picked":["Body Slam","Rampage","Blood for Blood","Spot Weakness"],"picked":"SKIP","floor":14}],"player_experience":1495583,"relics_obtained":[{"floor":8,"key":"Question Card"},{"floor":9,"key":"Anchor"},{"floor":10,"key":"Dream Catcher"},{"floor":14,"key":"Turnip"}],"event_choices":[{"cards_removed":["Strike_R"],"damage_healed":0,"gold_gain":0,"player_choice":"Card Removal","damage_taken":7,"max_hp_gain":0,"max_hp_loss":0,"event_name":"Golden Wing","floor":5,"gold_loss":0},{"damage_healed":0,"gold_gain":0,"player_choice":"Grow","damage_taken":0,"max_hp_gain":0,"max_hp_loss":0,"event_name":"Living Wall","floor":13,"gold_loss":0,"cards_upgraded":["Fiend Fire"]}],"is_beta":false,"boss_relics":[],"items_purged_floors":[],"is_endless":false,"potions_floor_spawned":[2,4,14],"killed_by":"The Guardian","ascension_level":20}