{"gold_per_floor":[18,18,33,50,60,60,60,89,89,89,121,134,160,160,160,234,234,247,257,5,17,287,316,316,333,333,349,111,121,138,150,150,224,224,240,240,256,272,162,189,203,203,256,256,283,283,294,311,311,311,311,311,311,143,175,175],"floor_reached":56,"playtime":3291,"items_purged":["Strike_R"],"score":2056,"play_id":"eb8fd484-cba9-4d5d-bafb-5dbbcaa60157","local_time":"20210502002123","is_ascension_mode":true,"campfire_choices":[{"data":"Whirlwind","floor":6.0,"key":"SMITH"},{"data":"Armaments","floor":10.0,"key":"SMITH"},{"data":"Inflame","floor":15.0,"key":"SMITH"},{"data":"Flex","floor":24.0,"key":"SMITH"},{"data":"Second Wind","floor":32.0,"key":"SMITH"},{"floor":42.0,"key":"REST"},{"data":"Disarm","floor":44.0,"key":"SMITH"},{"data":"Seeing Red","floor":46.0,"key":"SMITH"},{"floor":49,"key":"RECALL"},{"floor":53,"key":"REST"}],"neow_cost":"NO_GOLD","seed_source_timestamp":0,"circlet_count":0,"master_deck":["AscendersBane","Defend_R","Defend_R","Defend_R","Defend_R","Bash","Wild Strike","Armaments+1","Whirlwind+1","Pommel Strike","Wild Strike","Inflame+1","Shockwave+1","Immolate","Flex+1","Disarm+1","Seeing Red+1","Second Wind+1","Ghostly Armor","Flame Barrier","Battle Trance","Offering","Anger+1","Good Instincts+1","Inflame+1","Power Through","Flame Barrier","Reaper","Feel No Pain+1"],"special_seed":0,"relics":["Burning Blood","Akabeko","Self Forming Clay","Ice Cream","Lantern","Runic Pyramid","Oddly Smooth Stone","Omamori","ClockworkSouvenir","Velvet Choker","Kunai","Pen Nib","FossilizedHelix","Orrery","StrikeDummy"],"potions_floor_usage":[51,55],"damage_taken":[{"damage":0.0,"enemies":"Cultist","floor":1.0,"turns":3.0},{"damage":10.0,"enemies":"Small Slimes","floor":3.0,"turns":3.0},{"damage":9.0,"enemies":"2 Louse","floor":4.0,"turns":3.0},{"damage":8.0,"enemies":"Blue Slaver","floor":5.0,"turns":4.0},{"damage":25.0,"enemies":"3 Sentries","floor":8.0,"turns":6.0},{"damage":21.0,"enemies":"Gremlin Nob","floor":11.0,"turns":4.0},{"damage":0.0,"enemies":"Gremlin Gang","floor":12.0,"turns":1.0},{"damage":0.0,"enemies":"Lagavulin","floor":13.0,"turns":3.0},{"damage":17.0,"enemies":"Slime Boss","floor":16.0,"turns":7.0},{"damage":0.0,"enemies":"Chosen","floor":18.0,"turns":2.0},{"damage":0.0,"enemies":"3 Byrds","floor":19.0,"turns":2.0},{"damage":12.0,"enemies":"Centurion and Healer","floor":21.0,"turns":4.0},{"damage":11.0,"enemies":"Book of Stabbing","floor":23.0,"turns":3.0},{"damage":0.0,"enemies":"3 Cultists","floor":25.0,"turns":3.0},{"damage":18.0,"enemies":"Snake Plant","floor":27.0,"turns":3.0},{"damage":2.0,"enemies":"Centurion and Healer","floor":29.0,"turns":4.0},{"damage":0.0,"enemies":"Snecko","floor":30.0,"turns":2.0},{"damage":0.0,"enemies":"Cultist and Chosen","floor":31.0,"turns":5.0},{"damage":40.0,"enemies":"Collector","floor":33.0,"turns":8.0},{"damage":6.0,"enemies":"3 Darklings","floor":35.0,"turns":1.0},{"damage":5.0,"enemies":"3 Shapes","floor":37.0,"turns":2.0},{"damage":17.0,"enemies":"3 Darklings","floor":38.0,"turns":3.0},{"damage":20.0,"enemies":"Reptomancer","floor":40.0,"turns":5.0},{"damage":16.0,"enemies":"Jaw Worm Horde","floor":41.0,"turns":4.0},{"damage":0.0,"enemies":"Nemesis","floor":45.0,"turns":3.0},{"damage":0.0,"enemies":"Maw","floor":47.0,"turns":4.0},{"damage":0,"enemies":"3 Darklings","floor":48,"turns":2},{"damage":0,"enemies":"Donu and Deca","floor":50,"turns":2},{"damage":68,"enemies":"Awakened One","floor":51,"turns":13},{"damage":40,"enemies":"Shield and Spear","floor":55,"turns":5},{"damage":85,"enemies":"The Heart","floor":56,"turns":8}],"seed_played":"-367009662844331813","potions_obtained":[{"floor":3.0,"key":"Dexterity Potion"},{"floor":4.0,"key":"SneckoOil"},{"floor":11.0,"key":"DuplicationPotion"},{"floor":16.0,"key":"SteroidPotion"},{"floor":27.0,"key":"Fire Potion"},{"floor":33.0,"key":"Swift Potion"},{"floor":40.0,"key":"DistilledChaos"},{"floor":47.0,"key":"PowerPotion"}],"is_trial":false,"path_per_floor":["M","?","M","M","M","R","$","E","T","R","E","M","E","?","R","B",null,"M","M","$","M","?","E","R","M","T","M","$","M","M","M","R","B",null,"M","?","M","M","?","E","M","R","T","R","E","R","M","M","R","B","B",null,"R","$","E","B"],"character_chosen":"IRONCLAD","items_purchased":["Disarm","Oddly Smooth Stone","ClockworkSouvenir","Orrery"],"campfire_rested":2,"item_purchase_floors":[20,20,28,54],"current_hp_per_floor":[74,74,70,67,65,65,65,46,46,46,31,37,43,43,43,32,64,70,75,75,69,42,37,37,43,43,31,31,35,41,47,47,13,60,60,60,61,50,50,36,26,48,48,48,54,54,60,66,66,72,10,59,75,75,69,0],"gold":175,"neow_bonus":"TRANSFORM_TWO_CARDS","is_prod":false,"is_daily":false,"chose_seed":false,"campfire_upgraded":7,"win_rate":0,"timestamp":1619932883,"path_taken":["M","?","M","M","M","R","$","E","T","R","E","?","E","?","R","BOSS","M","M","$","?","?","E","R","M","T","M","$","?","M","M","R","BOSS","M","?","M","M","?","E","M","R","T","R","E","R","M","?","R","BOSS","BOSS","R","$","E","BOSS"],"build_version":"2020-12-22","purchased_purges":1,"victory":false,"max_hp_per_floor":[75,75,75,75,75,75,75,75,75,75,75,75,75,75,75,75,75,75,75,75,75,75,75,75,75,75,75,75,75,75,75,75,75,75,75,75,75,75,75,75,75,75,75,75,75,75,75,75,75,75,75,75,75,75,75,75],"card_choices":[{"not_picked":["Armaments","Wild Strike"],"picked":"Whirlwind","floor":1.0},{"not_picked":["Flex","Armaments"],"picked":"Pommel Strike","floor":3.0},{"not_picked":["Warcry","Pommel Strike"],"picked":"Wild Strike","floor":4.0},{"not_picked":["Corruption","Pummel"],"picked":"Inflame","floor":5.0},{"not_picked":["Rage","Heavy Blade","Clothesline"],"picked":"SKIP","floor":8.0},{"not_picked":["Searing Blow","Second Wind"],"picked":"Shockwave","floor":11.0},{"not_picked":["Thunderclap","Rupture","Warcry"],"picked":"SKIP","floor":12.0},{"not_picked":["Searing Blow","Dual Wield","Metallicize"],"picked":"SKIP","floor":13.0},{"not_picked":["Barricade","Demon Form"],"picked":"Immolate","floor":16.0},{"not_picked":["Rupture","Wild Strike","Body Slam"],"picked":"SKIP","floor":18.0},{"not_picked":["Warcry","True Grit"],"picked":"Flex","floor":19.0},{"not_picked":["Rampage","Feed","Inflame"],"picked":"SKIP","floor":21.0},{"not_picked":["Shockwave","Sentinel"],"picked":"Seeing Red","floor":23.0},{"not_picked":["Rupture","Fire Breathing"],"picked":"Second Wind","floor":25.0},{"not_picked":["Armaments","Headbutt"],"picked":"Ghostly Armor","floor":27.0},{"not_picked":["Warcry","Rage+1"],"picked":"Flame Barrier","floor":29.0},{"not_picked":["True Grit","Clothesline","Warcry"],"picked":"SKIP","floor":30.0},{"not_picked":["Feed","Thunderclap"],"picked":"Battle Trance","floor":31.0},{"not_picked":["Juggernaut","Demon Form"],"picked":"Offering","floor":33.0},{"not_picked":["Twin Strike","Perfected Strike"],"picked":"Anger+1","floor":35.0},{"not_picked":["Mind Blast","Deep Breath"],"picked":"Good Instincts","floor":36.0},{"not_picked":["Intimidate","Rage+1","Evolve"],"picked":"SKIP","floor":37.0},{"not_picked":["Twin Strike","Whirlwind"],"picked":"Inflame+1","floor":38.0},{"not_picked":["Thunderclap","Burning Pact","Sword Boomerang"],"picked":"SKIP","floor":40.0},{"not_picked":["Hemokinesis","Armaments","Flex"],"picked":"SKIP","floor":41.0},{"not_picked":["Uppercut","Brutality","Seeing Red"],"picked":"SKIP","floor":45.0},{"not_picked":["Perfected Strike","Havoc","True Grit"],"picked":"SKIP","floor":47.0},{"not_picked":["Armaments","Clash","Flame Barrier"],"picked":"SKIP","floor":48},{"not_picked":["Headbutt","Immolate"],"picked":"Power Through","floor":54},{"not_picked":["Feel No Pain","Warcry"],"picked":"Flame Barrier","floor":54},{"not_picked":["Clothesline","True Grit"],"picked":"Reaper","floor":54},{"not_picked":["Iron Wave","Anger"],"picked":"Feel No Pain+1","floor":54},{"not_picked":["Bludgeon","Dark Embrace+1","Heavy Blade"],"picked":"SKIP","floor":55}],"player_experience":1509663,"relics_obtained":[{"floor":8.0,"key":"Akabeko"},{"floor":9.0,"key":"Self Forming Clay"},{"floor":11.0,"key":"Ice Cream"},{"floor":13.0,"key":"Lantern"},{"floor":23.0,"key":"Omamori"},{"floor":40.0,"key":"Kunai"},{"floor":43.0,"key":"Pen Nib"},{"floor":45.0,"key":"FossilizedHelix"},{"floor":55,"key":"StrikeDummy"}],"event_choices":[{"cards_removed":["Strike_R"],"damage_healed":0.0,"max_hp_gain":0.0,"max_hp_loss":0.0,"gold_gain":0.0,"event_name":"Bonfire Elementals","player_choice":"Offered Basic","floor":2.0,"gold_loss":0.0,"damage_taken":0.0},{"damage_healed":0.0,"max_hp_gain":0.0,"max_hp_loss":0.0,"gold_gain":0.0,"event_name":"Upgrade Shrine","player_choice":"Upgraded","floor":14.0,"gold_loss":0.0,"damage_taken":0.0,"cards_upgraded":["Shockwave"]},{"damage_healed":0.0,"max_hp_gain":0.0,"max_hp_loss":0.0,"gold_gain":270.0,"event_name":"Knowing Skull","player_choice":"GOLD GOLD GOLD ","floor":22.0,"potions_obtained":[],"gold_loss":0.0,"damage_taken":27.0,"cards_obtained":[]},{"damage_healed":0.0,"max_hp_gain":0.0,"max_hp_loss":0.0,"gold_gain":0.0,"event_name":"SensoryStone","player_choice":"Memory 1","floor":36.0,"gold_loss":0.0,"damage_taken":0.0},{"cards_removed":["Strike_R"],"damage_healed":0.0,"max_hp_gain":0.0,"max_hp_loss":0.0,"gold_gain":0.0,"event_name":"Designer","player_choice":"Upgrade and Remove","floor":39.0,"gold_loss":110.0,"damage_taken":0.0,"cards_upgraded":["Good Instincts"]}],"is_beta":false,"boss_relics":[{"not_picked":["Philosopher\u0027s Stone","SacredBark"],"picked":"Runic Pyramid"},{"not_picked":["Busted Crown","Fusion Hammer"],"picked":"Velvet Choker"}],"items_purged_floors":[28],"is_endless":false,"potions_floor_spawned":[3,4,11,16,18,27,29,30,33,40,41,47],"killed_by":"The Heart","ascension_level":20}