{"gold_per_floor":[111,31,50,50,67,67,98,113,189,202,231,231,70,70,70,147,147,147,147,67,67,67,67,67,67,67,67,67],"floor_reached":28,"playtime":1561,"items_purged":[],"score":542,"play_id":"e34e6710-d793-455c-9a21-61ec5cd49e5d","local_time":"20210429203557","is_ascension_mode":true,"campfire_choices":[{"data":"Inflame","floor":6,"key":"SMITH"},{"floor":12,"key":"DIG"},{"floor":15,"key":"DIG"},{"floor":25,"key":"DIG"},{"floor":27,"key":"DIG"}],"neow_cost":"NONE","seed_source_timestamp":1999244955156000,"circlet_count":0,"master_deck":["AscendersBane","Strike_R","Strike_R","Strike_R","Strike_R","Defend_R","Defend_R","Defend_R","Defend_R","Bash","Shrug It Off","Inflame","Twin Strike","Inflame+1","Power Through","Cleave","Corruption+1","Reaper","Necronomicurse","Dark Embrace","Shrug It Off"],"relics":["Burning Blood","Shovel","Blue Candle","Boot","Ginger","Strange Spoon","Dream Catcher","Ectoplasm","Necronomicon","Happy Flower","Bird Faced Urn","Matryoshka","Juzu Bracelet"],"potions_floor_usage":[7,11,16,23,23,24],"damage_taken":[{"damage":6,"enemies":"Cultist","floor":1,"turns":3},{"damage":12,"enemies":"Jaw Worm","floor":3,"turns":3},{"damage":8,"enemies":"2 Louse","floor":5,"turns":4},{"damage":4,"enemies":"3 Sentries","floor":7,"turns":10},{"damage":3,"enemies":"Blue Slaver","floor":8,"turns":5},{"damage":5,"enemies":"2 Fungi Beasts","floor":10,"turns":4},{"damage":0,"enemies":"Lagavulin","floor":11,"turns":7},{"damage":69,"enemies":"Slime Boss","floor":16,"turns":12},{"damage":26,"enemies":"Spheric Guardian","floor":18,"turns":6},{"damage":17,"enemies":"2 Thieves","floor":20,"turns":4},{"damage":60,"enemies":"Gremlin Leader","floor":23,"turns":6},{"damage":17,"enemies":"Snake Plant","floor":24,"turns":5},{"damage":23,"enemies":"Sentry and Sphere","floor":28,"turns":4}],"seed_played":"8579366943841819700","potions_obtained":[{"floor":3,"key":"HeartOfIron"},{"floor":7,"key":"DistilledChaos"},{"floor":8,"key":"EssenceOfSteel"},{"floor":10,"key":"Strength Potion"},{"floor":16,"key":"SpeedPotion"},{"floor":18,"key":"SpeedPotion"},{"floor":23,"key":"GamblersBrew"}],"is_trial":false,"path_per_floor":["M","$","M","?","M","R","E","M","T","M","E","R","$","?","R","B",null,"M","?","M","?","$","E","M","R","T","R","M"],"character_chosen":"IRONCLAD","items_purchased":["Inflame","Strange Spoon"],"campfire_rested":0,"item_purchase_floors":[2,13],"current_hp_per_floor":[75,75,69,69,67,67,69,72,72,73,79,79,79,79,79,16,66,46,25,34,34,34,34,35,35,35,35,16],"gold":67,"neow_bonus":"TEN_PERCENT_HP_BONUS","is_prod":false,"is_daily":false,"chose_seed":false,"campfire_upgraded":1,"win_rate":0,"timestamp":1619746557,"path_taken":["M","?","M","?","?","R","E","M","T","M","E","R","$","?","R","BOSS","M","?","M","?","$","E","M","R","T","R","M"],"build_version":"2020-12-22","purchased_purges":0,"victory":false,"max_hp_per_floor":[82,82,82,82,82,82,82,82,82,82,82,82,82,82,82,82,82,82,82,82,82,82,82,82,82,82,82,82],"card_choices":[{"not_picked":["Sword Boomerang","Flex"],"picked":"Shrug It Off","floor":1},{"not_picked":["Flame Barrier","Anger"],"picked":"Twin Strike","floor":3},{"not_picked":["Reckless Charge","Rage"],"picked":"Inflame","floor":5},{"not_picked":["Perfected Strike","Sever Soul"],"picked":"Power Through","floor":7},{"not_picked":["Power Through","Anger"],"picked":"Cleave","floor":8},{"not_picked":["Blood for Blood","Anger","Wild Strike"],"picked":"SKIP","floor":10},{"not_picked":["Reckless Charge","True Grit"],"picked":"Corruption","floor":11},{"not_picked":["Bludgeon","Juggernaut"],"picked":"Reaper","floor":16},{"not_picked":["Evolve","Whirlwind","Iron Wave"],"picked":"SKIP","floor":18},{"not_picked":["Cleave","Armaments","Sword Boomerang"],"picked":"SKIP","floor":20},{"not_picked":["Perfected Strike","Thunderclap+1"],"picked":"Shrug It Off","floor":23},{"not_picked":["Flex","Sentinel","Intimidate"],"picked":"SKIP","floor":24}],"player_experience":1475549,"relics_obtained":[{"floor":7,"key":"Shovel"},{"floor":9,"key":"Blue Candle"},{"floor":11,"key":"Boot"},{"floor":12,"key":"Ginger"},{"floor":15,"key":"Dream Catcher"},{"floor":19,"key":"Necronomicon"},{"floor":23,"key":"Happy Flower"},{"floor":25,"key":"Bird Faced Urn"},{"floor":26,"key":"Matryoshka"},{"floor":27,"key":"Juzu Bracelet"}],"event_choices":[{"cards_removed":["Strike_R"],"damage_healed":0,"gold_gain":0,"player_choice":"Purged","damage_taken":0,"max_hp_gain":0,"max_hp_loss":0,"event_name":"Purifier","floor":4,"gold_loss":0},{"damage_healed":0,"gold_gain":0,"player_choice":"Grow","damage_taken":0,"max_hp_gain":0,"max_hp_loss":0,"event_name":"Living Wall","floor":14,"gold_loss":0,"cards_upgraded":["Corruption"]},{"damage_healed":0,"gold_gain":0,"player_choice":"Obtained Book","damage_taken":21,"max_hp_gain":0,"max_hp_loss":0,"event_name":"Cursed Tome","floor":19,"gold_loss":0},{"damage_healed":0,"gold_gain":0,"player_choice":"Read","damage_taken":0,"max_hp_gain":0,"max_hp_loss":0,"event_name":"The Library","floor":21,"gold_loss":0,"cards_obtained":["Dark Embrace"]}],"is_beta":false,"boss_relics":[{"not_picked":["Black Blood","Black Star"],"picked":"Ectoplasm"}],"items_purged_floors":[],"is_endless":false,"potions_floor_spawned":[3,7,8,10,16,18,23],"killed_by":"Sentry and Sphere","ascension_level":20}