{"gold_per_floor":[116,130,130,147,147,177,177,205,205,236,236,201,12,47,47,47],"floor_reached":16,"playtime":732,"items_purged":[],"score":252,"play_id":"dd01aab3-4720-4627-9eaf-63680e5aa43e","local_time":"20210429194536","is_ascension_mode":true,"campfire_choices":[{"data":"Uppercut","floor":7,"key":"SMITH"},{"data":"Armaments","floor":11,"key":"SMITH"},{"data":"Feel No Pain","floor":15,"key":"SMITH"}],"neow_cost":"NONE","seed_source_timestamp":1997054252068200,"circlet_count":0,"master_deck":["AscendersBane","Strike_R","Strike_R","Strike_R","Strike_R","Strike_R","Defend_R","Defend_R","Defend_R","Defend_R","Bash","Uppercut+1","Armaments+1","Fire Breathing","Feel No Pain+1","Battle Trance","Dark Embrace","Shrug It Off","Intimidate"],"relics":["Burning Blood","Lantern","Pear","StoneCalendar","Happy Flower","WingedGreaves","Toy Ornithopter","Dead Branch"],"potions_floor_usage":[2,10,16],"damage_taken":[{"damage":8,"enemies":"2 Louse","floor":1,"turns":3},{"damage":4,"enemies":"Jaw Worm","floor":2,"turns":3},{"damage":3,"enemies":"Small Slimes","floor":4,"turns":3},{"damage":32,"enemies":"Gremlin Nob","floor":6,"turns":4},{"damage":22,"enemies":"Lagavulin","floor":8,"turns":7},{"damage":8,"enemies":"3 Sentries","floor":10,"turns":6},{"damage":33,"enemies":"Gremlin Nob","floor":14,"turns":5},{"damage":11,"enemies":"Hexaghost","floor":16,"turns":9}],"seed_played":"106662417903002426","potions_obtained":[{"floor":1,"key":"SteroidPotion"},{"floor":2,"key":"Dexterity Potion"},{"floor":14,"key":"Swift Potion"}],"is_trial":false,"path_per_floor":["M","M","?","M","?","E","R","E","T","E","R","?","$","E","R","B"],"character_chosen":"IRONCLAD","items_purchased":["Battle Trance","Dark Embrace","Shrug It Off"],"campfire_rested":0,"item_purchase_floors":[13,13,13],"current_hp_per_floor":[66,68,68,71,63,37,37,21,21,19,19,40,40,13,13,7],"gold":47,"neow_bonus":"RANDOM_COMMON_RELIC","is_prod":false,"is_daily":false,"chose_seed":false,"campfire_upgraded":3,"win_rate":0,"timestamp":1619743536,"path_taken":["M","M","?","M","?","E","R","E","T","E","R","?","$","E","R","BOSS"],"build_version":"2020-12-22","purchased_purges":0,"victory":false,"max_hp_per_floor":[75,75,75,75,85,85,85,85,85,85,85,85,85,85,85,85],"card_choices":[{"not_picked":["Inflame","Searing Blow"],"picked":"Uppercut","floor":1},{"not_picked":["Heavy Blade","Thunderclap"],"picked":"Armaments","floor":2},{"not_picked":["Body Slam","Entrench"],"picked":"Fire Breathing","floor":4},{"not_picked":["Perfected Strike","Dropkick","Headbutt"],"picked":"SKIP","floor":6},{"not_picked":["Rage","Heavy Blade","Sever Soul"],"picked":"SKIP","floor":8},{"not_picked":["Rage","Berserk"],"picked":"Feel No Pain","floor":10},{"not_picked":["Anger","Bloodletting"],"picked":"Intimidate","floor":14}],"player_experience":1473594,"relics_obtained":[{"floor":6,"key":"StoneCalendar"},{"floor":8,"key":"Happy Flower"},{"floor":9,"key":"WingedGreaves"},{"floor":10,"key":"Toy Ornithopter"},{"floor":14,"key":"Dead Branch"}],"event_choices":[{"damage_healed":0,"gold_gain":0,"player_choice":"Ignored","damage_taken":0,"max_hp_gain":0,"max_hp_loss":0,"event_name":"Liars Game","floor":3,"gold_loss":0},{"damage_healed":0,"gold_gain":0,"player_choice":"Success","damage_taken":18,"relics_obtained":["Pear"],"max_hp_gain":0,"max_hp_loss":0,"event_name":"Scrap Ooze","floor":5,"gold_loss":0},{"damage_healed":21,"gold_gain":0,"player_choice":"Healed","damage_taken":0,"max_hp_gain":0,"max_hp_loss":0,"event_name":"The Cleric","floor":12,"gold_loss":35}],"is_beta":false,"boss_relics":[],"items_purged_floors":[],"is_endless":false,"potions_floor_spawned":[1,2,14],"killed_by":"Hexaghost","ascension_level":20}