{"gold_per_floor":[113,126,126,138,152,152,179,179,231,231,249,266,292,304,304,375,375,394,394,373,383,31,61],"floor_reached":23,"playtime":3772,"items_purged":["Strike_R"],"score":550,"play_id":"f8a2d008-451f-451e-a30a-6d632bb56439","local_time":"20210501181402","is_ascension_mode":true,"campfire_choices":[{"data":"Combust","floor":6,"key":"SMITH"},{"data":"Evolve","floor":8,"key":"SMITH"},{"data":"Brutality","floor":10,"key":"SMITH"},{"data":"Fire Breathing","floor":15,"key":"SMITH"}],"neow_cost":"PERCENT_DAMAGE","seed_source_timestamp":2161327690988300,"circlet_count":0,"master_deck":["AscendersBane","Strike_R","Strike_R","Strike_R","Defend_R","Defend_R","Defend_R","Bash","Brutality+1","Combust+1","Pommel Strike","Power Through","Power Through","Evolve+1","Battle Trance","Fire Breathing+1","Battle Trance","Fiend Fire","Shrug It Off","Fire Breathing","Pommel Strike+1"],"relics":["Burning Blood","Blue Candle","Pen Nib","Potion Belt","Cursed Key","Singing Bowl","Dream Catcher"],"potions_floor_usage":[7,21,23],"damage_taken":[{"damage":10,"enemies":"Small Slimes","floor":1,"turns":3},{"damage":12,"enemies":"Jaw Worm","floor":2,"turns":4},{"damage":10,"enemies":"Cultist","floor":4,"turns":4},{"damage":14,"enemies":"Large Slime","floor":5,"turns":6},{"damage":11,"enemies":"Gremlin Nob","floor":7,"turns":3},{"damage":14,"enemies":"Exordium Wildlife","floor":11,"turns":4},{"damage":2,"enemies":"3 Louse","floor":12,"turns":2},{"damage":11,"enemies":"3 Sentries","floor":13,"turns":4},{"damage":6,"enemies":"Looter","floor":14,"turns":4},{"damage":6,"enemies":"Slime Boss","floor":16,"turns":4},{"damage":17,"enemies":"Spheric Guardian","floor":18,"turns":4},{"damage":14,"enemies":"2 Thieves","floor":20,"turns":4},{"damage":24,"enemies":"Sentry and Sphere","floor":21,"turns":4},{"damage":28,"enemies":"Slavers","floor":23,"turns":4}],"seed_played":"-2682047325836713171","potions_obtained":[{"floor":5,"key":"Strength Potion"},{"floor":7,"key":"Ancient Potion"},{"floor":14,"key":"Fruit Juice"},{"floor":16,"key":"EssenceOfSteel"},{"floor":18,"key":"SpeedPotion"},{"floor":21,"key":"Weak Potion"}],"is_trial":false,"path_per_floor":["M","M","?","M","M","R","E","R","T","R","M","M","E","M","R","B",null,"M","?","M","M","$","E"],"character_chosen":"IRONCLAD","items_purchased":["Singing Bowl"],"campfire_rested":0,"item_purchase_floors":[22],"current_hp_per_floor":[46,40,65,61,53,53,48,48,48,48,40,44,39,39,39,39,66,55,55,47,34,34,12],"gold":61,"neow_bonus":"TRANSFORM_TWO_CARDS","is_prod":false,"is_daily":false,"chose_seed":false,"campfire_upgraded":4,"win_rate":0,"timestamp":1619910842,"path_taken":["M","M","?","M","M","R","E","R","T","R","M","M","E","M","R","BOSS","M","?","M","M","$","E"],"build_version":"2020-12-22","purchased_purges":1,"victory":false,"max_hp_per_floor":[75,75,75,75,75,75,75,75,75,75,75,75,75,75,75,75,75,75,75,75,80,80,80],"card_choices":[{"not_picked":["Heavy Blade","Shrug It Off"],"picked":"Pommel Strike","floor":1},{"not_picked":["Sword Boomerang","Thunderclap"],"picked":"Power Through","floor":2},{"not_picked":["Dropkick","Armaments","Twin Strike"],"picked":"SKIP","floor":4},{"not_picked":["Burning Pact","Twin Strike"],"picked":"Power Through","floor":5},{"not_picked":["Sword Boomerang","Rampage"],"picked":"Evolve","floor":7},{"not_picked":["Flex","Clothesline"],"picked":"Battle Trance","floor":11},{"not_picked":["Clothesline","Berserk"],"picked":"Fire Breathing","floor":12},{"not_picked":["Perfected Strike","Whirlwind","Clash"],"picked":"SKIP","floor":13},{"not_picked":["Iron Wave","Pummel"],"picked":"Battle Trance","floor":14},{"not_picked":["Offering","Demon Form"],"picked":"Fiend Fire","floor":16},{"not_picked":["Havoc","Wild Strike"],"picked":"Shrug It Off","floor":18},{"not_picked":["Armaments","Carnage","Thunderclap+1"],"picked":"SKIP","floor":20},{"not_picked":["Havoc","Flex","Heavy Blade"],"picked":"SKIP","floor":21},{"not_picked":["Feed","True Grit"],"picked":"Pommel Strike+1","floor":23}],"player_experience":1505891,"relics_obtained":[{"floor":7,"key":"Blue Candle"},{"floor":9,"key":"Pen Nib"},{"floor":13,"key":"Potion Belt"},{"floor":23,"key":"Dream Catcher"}],"event_choices":[{"damage_healed":25,"gold_gain":0,"player_choice":"Banana","damage_taken":0,"max_hp_gain":0,"max_hp_loss":0,"event_name":"Big Fish","floor":3,"gold_loss":0},{"damage_healed":0,"gold_gain":0,"player_choice":"Read","damage_taken":0,"max_hp_gain":0,"max_hp_loss":0,"event_name":"The Library","floor":19,"gold_loss":0,"cards_obtained":["Fire Breathing"]}],"is_beta":false,"boss_relics":[{"not_picked":["Ectoplasm","Velvet Choker"],"picked":"Cursed Key"}],"items_purged_floors":[22],"is_endless":false,"potions_floor_spawned":[5,7,14,16,18,21],"killed_by":"Slavers","ascension_level":20}