{"gold_per_floor":[117,117,117,39,53,83,83,416,488,498,527,540,540,559,559,630,630,642,557,118,118,138,172,182,182,182,200,200,229,279,296,296,370,370,385,385,385,404,422,447,285,285,310,345,345,378,378,398,398,398,398,398,398,3,36,36],"floor_reached":56,"playtime":2964,"items_purged":["Strike_R","Anger","Bash"],"score":2111,"play_id":"72e95453-056a-4ab7-ad71-b30ef1c91b93","local_time":"20210427225553","is_ascension_mode":true,"campfire_choices":[{"data":"Blood for Blood","floor":7.0,"key":"SMITH"},{"data":"Feed","floor":13.0,"key":"SMITH"},{"data":"Uppercut","floor":15.0,"key":"SMITH"},{"floor":25.0,"key":"REST"},{"floor":32.0,"key":"RECALL"},{"floor":42.0,"key":"REST"},{"floor":45.0,"key":"REST"},{"floor":49.0,"key":"REST"},{"floor":53.0,"key":"REST"}],"neow_cost":"NONE","seed_source_timestamp":1833287895825600,"circlet_count":0,"master_deck":["AscendersBane","Defend_R","Defend_R+1","Defend_R","Defend_R","Uppercut+1","Blood for Blood+1","Demon Form","Feed+1","Flame Barrier","Power Through","Spot Weakness","Immolate","Hemokinesis","Shrug It Off","Bite","Bite+1","Bite","Bite","Bite+1","Flame Barrier","Disarm","Disarm","Limit Break","Pummel+1","Sword Boomerang+1","Battle Trance","Shrug It Off+1","Heavy Blade+1","Shrug It Off","Clothesline","Power Through"],"special_seed":0,"relics":["Burning Blood","NeowsBlessing","Centennial Puzzle","Smiling Mask","Old Coin","Question Card","Oddly Smooth Stone","Fusion Hammer","Happy Flower","Lizard Tail","Magic Flower","Tiny Chest","Du-Vu Doll","Lantern","Sozu","Mango","Whetstone","Regal Pillow","Red Skull","Gremlin Horn","War Paint"],"potions_floor_usage":[55,55],"damage_taken":[{"damage":0.0,"enemies":"Jaw Worm","floor":1.0,"turns":1.0},{"damage":0.0,"enemies":"Small Slimes","floor":5.0,"turns":1.0},{"damage":0.0,"enemies":"Lagavulin","floor":6.0,"turns":1.0},{"damage":55.0,"enemies":"3 Sentries","floor":8.0,"turns":8.0},{"damage":2.0,"enemies":"Cultist","floor":10.0,"turns":4.0},{"damage":20.0,"enemies":"Lagavulin","floor":11.0,"turns":4.0},{"damage":5.0,"enemies":"Looter","floor":12.0,"turns":4.0},{"damage":3.0,"enemies":"2 Fungi Beasts","floor":14.0,"turns":4.0},{"damage":12.0,"enemies":"Hexaghost","floor":16.0,"turns":9.0},{"damage":0.0,"enemies":"3 Byrds","floor":18.0,"turns":3.0},{"damage":12.0,"enemies":"Shell Parasite","floor":22.0,"turns":3.0},{"damage":31.0,"enemies":"Book of Stabbing","floor":23.0,"turns":5.0},{"damage":35.0,"enemies":"Shelled Parasite and Fungi","floor":24.0,"turns":4.0},{"damage":7.0,"enemies":"3 Cultists","floor":27.0,"turns":6.0},{"damage":16.0,"enemies":"Gremlin Leader","floor":29.0,"turns":5.0},{"damage":7.0,"enemies":"Snecko","floor":31.0,"turns":4.0},{"damage":139.0,"enemies":"Collector","floor":33.0,"turns":12.0},{"damage":42.0,"enemies":"3 Darklings","floor":35.0,"turns":5.0},{"damage":25.0,"enemies":"3 Shapes","floor":38.0,"turns":4.0},{"damage":42.0,"enemies":"Maw","floor":39.0,"turns":7.0},{"damage":30.0,"enemies":"Giant Head","floor":40.0,"turns":5.0},{"damage":39.0,"enemies":"Reptomancer","floor":44.0,"turns":4.0},{"damage":36.0,"enemies":"Nemesis","floor":46.0,"turns":9.0},{"damage":14.0,"enemies":"Transient","floor":48.0,"turns":6.0},{"damage":105.0,"enemies":"Time Eater","floor":50.0,"turns":11.0},{"damage":65.0,"enemies":"Awakened One","floor":51.0,"turns":10.0},{"damage":106,"enemies":"Shield and Spear","floor":55,"turns":8},{"damage":16,"enemies":"The Heart","floor":56,"turns":2}],"seed_played":"-4828507553519685961","potions_obtained":[{"floor":5.0,"key":"SmokeBomb"},{"floor":6.0,"key":"Strength Potion"},{"floor":10.0,"key":"Energy Potion"},{"floor":33.0,"key":"SpeedPotion"}],"is_trial":false,"path_per_floor":["M","?","?","$","M","E","R","E","T","M","E","M","R","M","R","B",null,"M","?","$","?","M","E","M","R","T","M","T","E","?","M","R","B",null,"M","T","?","M","M","E","$","R","T","E","R","E","?","M","R","B","B",null,"R","$","E","B"],"character_chosen":"IRONCLAD","items_purchased":["Uppercut","Shrug It Off","Lizard Tail","Battle Trance","Shrug It Off","Shrug It Off","Clothesline","Gremlin Horn"],"campfire_rested":5,"item_purchase_floors":[4,20,20,41,41,54,54,54],"current_hp_per_floor":[74,74,67,67,73,75,75,26,26,33,22,26,26,33,33,27,73,83,83,83,64,62,45,40,61,61,76,76,76,76,80,80,51,73,52,52,52,51,42,53,53,84,84,65,106,96,96,101,101,34,27,86,105,105,34,23],"gold":36,"neow_bonus":"THREE_ENEMY_KILL","is_prod":false,"is_daily":false,"chose_seed":false,"campfire_upgraded":3,"win_rate":0,"timestamp":1619582153,"path_taken":["M","?","?","$","?","E","R","E","T","M","E","M","R","M","R","BOSS","M","?","$","?","M","E","M","R","T","?","?","E","?","M","R","BOSS","M","?","?","M","M","E","$","R","T","E","R","E","?","M","R","BOSS","BOSS","R","$","E","BOSS"],"build_version":"2020-12-22","purchased_purges":3,"victory":false,"max_hp_per_floor":[75,75,75,75,75,75,75,75,75,78,81,84,84,88,88,88,88,92,92,92,64,64,68,72,72,72,76,76,76,76,80,80,80,80,84,84,84,88,88,106,106,106,106,106,106,106,101,101,101,101,105,105,105,105,105,105],"card_choices":[{"not_picked":["Twin Strike","Warcry"],"picked":"Anger","floor":1.0},{"not_picked":["Evolve","Dropkick"],"picked":"Blood for Blood","floor":5.0},{"not_picked":["Flex","Perfected Strike"],"picked":"Demon Form","floor":6.0},{"not_picked":["Clash","Blood for Blood"],"picked":"Feed","floor":8.0},{"not_picked":["Clash","Dropkick","Cleave"],"picked":"Flame Barrier","floor":10.0},{"not_picked":["Havoc","Combust","Anger","Sentinel"],"picked":"SKIP","floor":11.0},{"not_picked":["Anger","Body Slam","Warcry"],"picked":"Power Through","floor":12.0},{"not_picked":["Body Slam","Perfected Strike","Bloodletting"],"picked":"Spot Weakness","floor":14.0},{"not_picked":["Double Tap","Feed","Brutality"],"picked":"Immolate","floor":16.0},{"not_picked":["Searing Blow","Bloodletting","Ghostly Armor"],"picked":"Hemokinesis","floor":18.0},{"not_picked":["Rupture","Perfected Strike","Second Wind","Infernal Blade+1"],"picked":"SKIP","floor":22.0},{"not_picked":["Blood for Blood","Demon Form","Ghostly Armor","True Grit"],"picked":"SKIP","floor":23.0},{"not_picked":["True Grit","Armaments+1","Inflame"],"picked":"Flame Barrier","floor":24.0},{"not_picked":["Fire Breathing","Dropkick","Cleave","Sever Soul"],"picked":"SKIP","floor":27.0},{"not_picked":["Rage","Iron Wave","Clothesline"],"picked":"Disarm","floor":29.0},{"not_picked":["Evolve","Iron Wave","Warcry"],"picked":"Disarm","floor":31.0},{"not_picked":["Barricade","Demon Form","Brutality"],"picked":"Limit Break","floor":33.0},{"not_picked":["Flex","Clash","Entrench+1"],"picked":"Pummel+1","floor":35.0},{"not_picked":["Flex","Body Slam","Rampage","Dual Wield"],"picked":"SKIP","floor":38.0},{"not_picked":["Second Wind","Inflame+1","Reckless Charge"],"picked":"Sword Boomerang+1","floor":39.0},{"not_picked":["Ghostly Armor","Perfected Strike","Flex","Thunderclap"],"picked":"SKIP","floor":40.0},{"not_picked":["Second Wind+1","Bloodletting","Iron Wave+1","Rampage"],"picked":"SKIP","floor":44.0},{"not_picked":["Heavy Blade","Blood for Blood","Armaments","Demon Form"],"picked":"SKIP","floor":46.0},{"not_picked":["Combust","Entrench+1","Cleave"],"picked":"Heavy Blade+1","floor":48.0},{"not_picked":["Metallicize+1","Sword Boomerang","Entrench"],"picked":"Power Through","floor":55}],"player_experience":1450083,"relics_obtained":[{"floor":6.0,"key":"Smiling Mask"},{"floor":8.0,"key":"Old Coin"},{"floor":9.0,"key":"Question Card"},{"floor":11.0,"key":"Oddly Smooth Stone"},{"floor":23.0,"key":"Magic Flower"},{"floor":26.0,"key":"Tiny Chest"},{"floor":28.0,"key":"Du-Vu Doll"},{"floor":29.0,"key":"Lantern"},{"floor":40.0,"key":"Mango"},{"floor":43.0,"key":"Whetstone"},{"floor":44.0,"key":"Regal Pillow"},{"floor":46.0,"key":"Red Skull"},{"floor":55,"key":"War Paint"}],"event_choices":[{"damage_healed":0.0,"max_hp_gain":0.0,"max_hp_loss":0.0,"gold_gain":0.0,"event_name":"Big Fish","player_choice":"Box","floor":2.0,"gold_loss":0.0,"damage_taken":0.0,"relics_obtained":["Centennial Puzzle"],"cards_obtained":["Regret"]},{"cards_removed":["Regret"],"damage_healed":0.0,"max_hp_gain":0.0,"max_hp_loss":0.0,"gold_gain":0.0,"event_name":"Golden Wing","player_choice":"Card Removal","floor":3.0,"gold_loss":0.0,"damage_taken":7.0},{"damage_healed":0.0,"max_hp_gain":0.0,"max_hp_loss":0.0,"gold_gain":0.0,"event_name":"Addict","player_choice":"Obtained Relic","floor":19.0,"gold_loss":85.0,"damage_taken":0.0,"relics_obtained":["Happy Flower"]},{"damage_healed":0.0,"max_hp_gain":0.0,"max_hp_loss":28.0,"gold_gain":0.0,"event_name":"Vampires","player_choice":"Became a vampire","floor":21.0,"gold_loss":0.0,"damage_taken":0.0,"cards_obtained":["Bite","Bite","Bite","Bite","Bite"]},{"damage_healed":0.0,"max_hp_gain":0.0,"max_hp_loss":0.0,"gold_gain":100.0,"event_name":"The Joust","player_choice":"Bet on Murderer","floor":30.0,"gold_loss":50.0,"damage_taken":0.0},{"damage_healed":0.0,"max_hp_gain":0.0,"max_hp_loss":0.0,"gold_gain":0.0,"event_name":"Tomb of Lord Red Mask","player_choice":"Ignored","floor":37.0,"gold_loss":0.0,"damage_taken":0.0},{"damage_healed":0.0,"max_hp_gain":0.0,"max_hp_loss":5.0,"gold_gain":0.0,"event_name":"Winding Halls","player_choice":"Max HP","floor":47.0,"gold_loss":0.0,"damage_taken":0.0}],"is_beta":false,"boss_relics":[{"not_picked":["Runic Cube","Calling Bell"],"picked":"Fusion Hammer"},{"not_picked":["SacredBark","Mark of Pain"],"picked":"Sozu"}],"items_purged_floors":[20,41,54],"is_endless":false,"potions_floor_spawned":[5,6,10,14,16,22,24,33,38,40,46,48,55],"killed_by":"The Heart","ascension_level":20}