{"gold_per_floor":[361,361,376,387,387,428,448,84,130,130,145,180,180,209,209,284],"floor_reached":16,"playtime":780,"items_purged":["Strike_R"],"score":340,"play_id":"f26f138c-c986-4887-a814-69a7fd3af60f","local_time":"20210501090351","is_ascension_mode":true,"campfire_choices":[{"floor":13.0,"key":"REST"},{"data":"Spot Weakness","floor":15.0,"key":"SMITH"}],"neow_cost":"PERCENT_DAMAGE","seed_source_timestamp":0,"circlet_count":0,"master_deck":["AscendersBane","Strike_R","Strike_R","Strike_R","Defend_R","Defend_R","Defend_R","Defend_R","Bash","Spot Weakness+1","Armaments","Pommel Strike","Cleave","Shrug It Off","Battle Trance"],"special_seed":0,"relics":["Burning Blood","StrikeDummy","CeramicFish","Red Skull","Ancient Tea Set","Thread and Needle","Centennial Puzzle"],"potions_floor_usage":[],"damage_taken":[{"damage":9.0,"enemies":"2 Louse","floor":1.0,"turns":4.0},{"damage":9.0,"enemies":"Jaw Worm","floor":3.0,"turns":4.0},{"damage":7.0,"enemies":"Small Slimes","floor":4.0,"turns":4.0},{"damage":30.0,"enemies":"3 Sentries","floor":6.0,"turns":7.0},{"damage":1.0,"enemies":"2 Fungi Beasts","floor":7.0,"turns":3.0},{"damage":15.0,"enemies":"Gremlin Gang","floor":11.0,"turns":2.0},{"damage":6.0,"enemies":"Gremlin Nob","floor":12.0,"turns":3.0},{"damage":10.0,"enemies":"Lagavulin","floor":14.0,"turns":5.0},{"damage":2.0,"enemies":"Hexaghost","floor":16.0,"turns":9.0}],"seed_played":"-2316373124463434170","potions_obtained":[{"floor":1.0,"key":"AttackPotion"},{"floor":7.0,"key":"Fruit Juice"},{"floor":11.0,"key":"Block Potion"},{"floor":12.0,"key":"Energy Potion"}],"is_trial":false,"path_per_floor":["M","?","M","M","?","E","M","$","T","?","M","E","R","E","R","B"],"character_chosen":"IRONCLAD","items_purchased":["Red Skull","Shrug It Off","Battle Trance"],"campfire_rested":1,"item_purchase_floors":[8,8,8],"current_hp_per_floor":[47,40,37,36,31,7,12,12,12,12,8,8,32,28,28,32],"gold":284,"neow_bonus":"TWO_FIFTY_GOLD","is_prod":false,"is_daily":false,"chose_seed":false,"campfire_upgraded":1,"win_rate":0,"timestamp":1619877831,"path_taken":["M","?","M","M","?","E","M","?","T","?","M","E","R","E","R","BOSS","BOSS"],"build_version":"2020-12-22","purchased_purges":1,"victory":false,"max_hp_per_floor":[75,75,75,75,75,75,75,75,75,75,80,80,80,80,80,80],"card_choices":[{"not_picked":["Perfected Strike","Flex"],"picked":"Spot Weakness","floor":1.0},{"not_picked":["Rampage","Perfected Strike"],"picked":"Armaments","floor":3.0},{"not_picked":["Exhume","Heavy Blade"],"picked":"Pommel Strike","floor":4.0},{"not_picked":["Headbutt","Havoc"],"picked":"Cleave","floor":6.0},{"not_picked":["Armaments","Perfected Strike","Whirlwind"],"picked":"SKIP","floor":7.0},{"not_picked":["Combust","Heavy Blade","Sentinel"],"picked":"SKIP","floor":11.0},{"not_picked":["Anger","Cleave","Rupture"],"picked":"SKIP","floor":12.0},{"not_picked":["Heavy Blade","Clash","Thunderclap"],"picked":"SKIP","floor":14.0}],"player_experience":1496317,"relics_obtained":[{"floor":6.0,"key":"CeramicFish"},{"floor":9.0,"key":"Ancient Tea Set"},{"floor":12.0,"key":"Thread and Needle"},{"floor":14.0,"key":"Centennial Puzzle"}],"event_choices":[{"cards_removed":["Strike_R"],"damage_healed":0.0,"max_hp_gain":0.0,"max_hp_loss":0.0,"gold_gain":0.0,"event_name":"Golden Wing","player_choice":"Card Removal","floor":2.0,"gold_loss":0.0,"damage_taken":7.0},{"damage_healed":0.0,"max_hp_gain":0.0,"max_hp_loss":0.0,"gold_gain":0.0,"event_name":"Scrap Ooze","player_choice":"Success","floor":5.0,"gold_loss":0.0,"damage_taken":5.0,"relics_obtained":["StrikeDummy"]},{"damage_healed":0.0,"max_hp_gain":0.0,"max_hp_loss":0.0,"gold_gain":0.0,"event_name":"Shining Light","player_choice":"Ignored","floor":10.0,"gold_loss":0.0,"damage_taken":0.0}],"is_beta":false,"boss_relics":[],"items_purged_floors":[8],"is_endless":false,"potions_floor_spawned":[1,7,11,12,14],"killed_by":"Hexaghost","ascension_level":20}