{"gold_per_floor":[111,261,279,279,38,38,38,58,84,127,127,127,161,177,177,267,267,227],"floor_reached":18,"playtime":11238,"items_purged":["Doubt"],"score":336,"play_id":"21124682-0851-45c3-afc5-42380c954a06","local_time":"20210428231618","is_ascension_mode":true,"campfire_choices":[{"data":"Immolate","floor":6,"key":"SMITH"},{"data":"Pommel Strike","floor":11,"key":"SMITH"},{"data":"Metallicize","floor":15,"key":"SMITH"}],"neow_cost":"NONE","seed_source_timestamp":1912729906027000,"circlet_count":0,"master_deck":["AscendersBane","Bash","Pommel Strike+1","Immolate+1","Metallicize+1","Ghostly Armor","Feed","Rupture","Brutality","Carnage","Sever Soul","Ghostly Armor","Intimidate","Sword Boomerang","Body Slam"],"special_seed":0,"relics":["Burning Blood","Toy Ornithopter","Golden Idol","Torii","Blood Vial","MealTicket","Potion Belt","Pandora\u0027s Box"],"potions_floor_usage":[10,16],"damage_taken":[{"damage":3.0,"enemies":"Small Slimes","floor":1.0,"turns":4.0},{"damage":15,"enemies":"2 Louse","floor":3,"turns":2},{"damage":2,"enemies":"Jaw Worm","floor":8,"turns":3},{"damage":20,"enemies":"Lagavulin","floor":10,"turns":3},{"damage":32,"enemies":"Gremlin Nob","floor":13,"turns":4},{"damage":0,"enemies":"Large Slime","floor":14,"turns":3},{"damage":41,"enemies":"Slime Boss","floor":16,"turns":12},{"damage":2,"enemies":"2 Thieves","floor":18,"turns":2}],"seed_played":"-483848258101819687","potions_obtained":[{"floor":1.0,"key":"DuplicationPotion"},{"floor":14,"key":"Weak Potion"}],"is_trial":false,"path_per_floor":["M","?","M","?","$","R","T","M","T","E","R","?","E","M","R","B",null,"M"],"character_chosen":"IRONCLAD","items_purchased":["Immolate"],"campfire_rested":0,"item_purchase_floors":[5],"current_hp_per_floor":[71,71,62,62,62,62,62,66,66,54,54,54,30,38,38,10,54,54],"gold":227,"neow_bonus":"RANDOM_COMMON_RELIC","is_prod":false,"is_daily":false,"chose_seed":false,"campfire_upgraded":3,"win_rate":0,"timestamp":1619669778,"path_taken":["M","?","M","?","$","R","?","M","T","E","R","?","E","M","R","BOSS","M"],"build_version":"2020-12-22","purchased_purges":1,"victory":false,"max_hp_per_floor":[75,75,75,68,68,68,68,68,68,68,68,68,68,68,68,68,68,68],"card_choices":[{"not_picked":["True Grit","Headbutt"],"picked":"Pommel Strike","floor":1.0},{"not_picked":["Searing Blow","Clash","Body Slam"],"picked":"SKIP","floor":3},{"not_picked":["Whirlwind","Thunderclap","True Grit"],"picked":"SKIP","floor":8},{"not_picked":["Intimidate","Infernal Blade"],"picked":"Metallicize","floor":10},{"not_picked":["Entrench","Whirlwind","Heavy Blade"],"picked":"SKIP","floor":13},{"not_picked":["Clash","Sword Boomerang"],"picked":"Ghostly Armor","floor":14},{"not_picked":["Bludgeon","Exhume"],"picked":"Feed","floor":16}],"player_experience":1458162,"relics_obtained":[{"floor":7,"key":"Torii"},{"floor":9,"key":"Blood Vial"},{"floor":10,"key":"MealTicket"},{"floor":13,"key":"Potion Belt"}],"event_choices":[{"damage_healed":0.0,"max_hp_gain":0.0,"max_hp_loss":0.0,"gold_gain":150.0,"event_name":"Liars Game","player_choice":"AGREE","floor":2.0,"gold_loss":0.0,"damage_taken":0.0,"cards_obtained":["Doubt"]},{"damage_healed":0,"gold_gain":0,"player_choice":"Lose Max HP","damage_taken":0,"relics_obtained":["Golden Idol"],"max_hp_gain":0,"max_hp_loss":7,"event_name":"Golden Idol","floor":4,"gold_loss":0},{"cards_removed":["Strike_R"],"damage_healed":0,"gold_gain":0,"player_choice":"Purged","damage_taken":0,"max_hp_gain":0,"max_hp_loss":0,"event_name":"Purifier","floor":12,"gold_loss":0}],"is_beta":false,"boss_relics":[{"not_picked":["Ectoplasm","Calling Bell"],"picked":"Pandora\u0027s Box"}],"items_purged_floors":[5],"is_endless":false,"potions_floor_spawned":[1,14],"killed_by":"2 Thieves","ascension_level":20}