{"gold_per_floor":[118,131,5,15,25,25,54,68,95,95,122,145,157,188,200,212],"floor_reached":16,"playtime":661,"items_purged":["Strike_R"],"score":228,"play_id":"fc1619bf-4440-4a07-a203-eaa0b36559c0","local_time":"20210429195649","is_ascension_mode":true,"campfire_choices":[{"data":"Bash","floor":6,"key":"SMITH"},{"data":"Reaper","floor":10,"key":"SMITH"},{"data":"Shockwave","floor":15,"key":"SMITH"}],"neow_cost":"NONE","seed_source_timestamp":1997797418176700,"circlet_count":0,"master_deck":["AscendersBane","Strike_R","Strike_R","Strike_R","Defend_R","Defend_R","Defend_R","Defend_R","Bash+1","Flame Barrier","Sword Boomerang","Wild Strike","Flame Barrier","Reaper+1","Entrench","Shockwave+1","Disarm"],"relics":["Coffee Dripper","Anchor","Tiny Chest","MawBank"],"potions_floor_usage":[7,11,16],"damage_taken":[{"damage":1,"enemies":"Cultist","floor":1,"turns":3},{"damage":4,"enemies":"Small Slimes","floor":2,"turns":4},{"damage":2,"enemies":"Jaw Worm","floor":4,"turns":2},{"damage":0,"enemies":"2 Fungi Beasts","floor":5,"turns":3},{"damage":15,"enemies":"Gremlin Nob","floor":7,"turns":4},{"damage":8,"enemies":"Blue Slaver","floor":8,"turns":3},{"damage":11,"enemies":"Lagavulin","floor":11,"turns":6},{"damage":10,"enemies":"Large Slime","floor":12,"turns":6},{"damage":6,"enemies":"2 Fungi Beasts","floor":14,"turns":4},{"damage":32,"enemies":"Slime Boss","floor":16,"turns":8}],"seed_played":"1187196344003675910","potions_obtained":[{"floor":4,"key":"Weak Potion"},{"floor":7,"key":"Fire Potion"},{"floor":8,"key":"Strength Potion"}],"is_trial":false,"path_per_floor":["M","M","$","M","M","R","E","M","T","R","E","M","?","M","R","B"],"character_chosen":"IRONCLAD","items_purchased":["Wild Strike"],"campfire_rested":0,"item_purchase_floors":[3],"current_hp_per_floor":[67,63,63,61,61,61,46,38,38,38,37,34,27,21,21,1],"gold":212,"neow_bonus":"BOSS_RELIC","is_prod":false,"is_daily":false,"chose_seed":false,"campfire_upgraded":3,"win_rate":0,"timestamp":1619744209,"path_taken":["M","M","?","M","M","R","E","?","T","R","E","M","?","M","R","BOSS"],"build_version":"2020-12-22","purchased_purges":1,"victory":false,"max_hp_per_floor":[75,75,75,75,75,75,75,75,75,75,75,75,75,75,75,75],"card_choices":[{"not_picked":["Clash","Headbutt"],"picked":"Flame Barrier","floor":1},{"not_picked":["Pummel","Headbutt"],"picked":"Sword Boomerang","floor":2},{"not_picked":["Warcry","True Grit"],"picked":"Flame Barrier","floor":4},{"not_picked":["Second Wind","Headbutt","Wild Strike"],"picked":"SKIP","floor":5},{"not_picked":["Iron Wave","Battle Trance"],"picked":"Reaper","floor":7},{"not_picked":["Twin Strike","Intimidate","Infernal Blade"],"picked":"SKIP","floor":8},{"not_picked":["Exhume","Uppercut"],"picked":"Entrench","floor":11},{"not_picked":["Seeing Red","Clothesline"],"picked":"Shockwave","floor":12},{"not_picked":["Entrench","Armaments"],"picked":"Disarm","floor":14}],"player_experience":1474326,"relics_obtained":[{"floor":7,"key":"Anchor"},{"floor":9,"key":"Tiny Chest"},{"floor":11,"key":"MawBank"}],"event_choices":[{"cards_removed":["Strike_R"],"damage_healed":0,"gold_gain":0,"player_choice":"Card Removal","damage_taken":7,"max_hp_gain":0,"max_hp_loss":0,"event_name":"Golden Wing","floor":13,"gold_loss":0}],"is_beta":false,"boss_relics":[],"items_purged_floors":[3],"is_endless":false,"potions_floor_spawned":[4,7,8],"killed_by":"Slime Boss","ascension_level":20}