{"gold_per_floor":[113,263,263,281,33,33,47,85,85,110,144,144,144,160,160,256,256,217,231,231,244,244,244],"floor_reached":23,"playtime":1350,"items_purged":["Doubt"],"score":527,"play_id":"76d9c6a9-04ae-4dec-9ece-f756d13f046a","local_time":"20210501140814","is_ascension_mode":true,"campfire_choices":[{"data":"Bash","floor":6,"key":"SMITH"},{"data":"1","floor":13,"key":"LIFT"},{"data":"2","floor":15,"key":"LIFT"}],"neow_cost":"TEN_PERCENT_HP_LOSS","seed_source_timestamp":2148997195362600,"circlet_count":0,"master_deck":["AscendersBane","Defend_R","Defend_R","Defend_R","Defend_R","Bash+1","The Bomb+1","Ghostly Armor","Reaper","Flame Barrier","Wild Strike","Anger","Reaper","Demon Form","Anger","Pommel Strike","Warcry+1","Bite","Bite","Bite","Bite","Bite"],"relics":["Burning Blood","Golden Idol","Pen Nib","Shuriken","Anchor","Girya","SlaversCollar"],"potions_floor_usage":[21,23],"damage_taken":[{"damage":6,"enemies":"Jaw Worm","floor":1,"turns":5},{"damage":6,"enemies":"Small Slimes","floor":4,"turns":5},{"damage":2,"enemies":"2 Louse","floor":7,"turns":4},{"damage":15,"enemies":"3 Sentries","floor":8,"turns":3},{"damage":0,"enemies":"Exordium Thugs","floor":10,"turns":3},{"damage":23,"enemies":"Lagavulin","floor":11,"turns":6},{"damage":1,"enemies":"Looter","floor":14,"turns":3},{"damage":0,"enemies":"Slime Boss","floor":16,"turns":6},{"damage":31,"enemies":"2 Thieves","floor":18,"turns":5},{"damage":24,"enemies":"3 Byrds","floor":19,"turns":3},{"damage":20,"enemies":"Cultist and Chosen","floor":21,"turns":6},{"damage":58,"enemies":"Book of Stabbing","floor":23,"turns":5}],"seed_played":"1244007623926857703","potions_obtained":[{"floor":7,"key":"HeartOfIron"},{"floor":8,"key":"SpeedPotion"},{"floor":19,"key":"SkillPotion"}],"is_trial":false,"path_per_floor":["M","?","?","M","$","R","M","E","T","M","E","?","R","M","R","B",null,"M","M","?","M","?","E"],"character_chosen":"IRONCLAD","items_purchased":["Pen Nib"],"campfire_rested":0,"item_purchase_floors":[5],"current_hp_per_floor":[68,68,45,45,45,45,49,52,52,64,47,27,27,37,37,61,66,56,38,38,51,47,1],"gold":244,"neow_bonus":"RANDOM_COLORLESS_2","is_prod":false,"is_daily":false,"chose_seed":false,"campfire_upgraded":1,"win_rate":0,"timestamp":1619896094,"path_taken":["M","?","?","M","$","R","M","E","T","M","E","?","R","M","R","BOSS","M","M","?","M","?","E"],"build_version":"2020-12-22","purchased_purges":1,"victory":false,"max_hp_per_floor":[68,68,68,68,68,68,68,68,68,68,68,68,68,68,68,68,68,68,68,68,68,47,47],"card_choices":[{"not_picked":["Panache","Mayhem"],"picked":"The Bomb","floor":0},{"not_picked":["Twin Strike","Havoc"],"picked":"Ghostly Armor","floor":1},{"not_picked":["Clash","Sword Boomerang","Headbutt"],"picked":"SKIP","floor":4},{"not_picked":["Twin Strike","Headbutt"],"picked":"Reaper","floor":7},{"not_picked":["Cleave","Iron Wave"],"picked":"Flame Barrier","floor":8},{"not_picked":["Body Slam","Blood for Blood"],"picked":"Wild Strike","floor":10},{"not_picked":["Cleave","Iron Wave"],"picked":"Anger","floor":11},{"not_picked":["Heavy Blade","Thunderclap"],"picked":"Reaper","floor":14},{"not_picked":["Limit Break","Brutality"],"picked":"Demon Form","floor":16},{"not_picked":["Metallicize","Twin Strike"],"picked":"Anger","floor":18},{"not_picked":["Perfected Strike","Clothesline"],"picked":"Pommel Strike","floor":19},{"not_picked":["Rupture+1","Body Slam"],"picked":"Warcry+1","floor":21}],"player_experience":1497660,"relics_obtained":[{"floor":8,"key":"Shuriken"},{"floor":9,"key":"Anchor"},{"floor":11,"key":"Girya"}],"event_choices":[{"damage_healed":0,"gold_gain":150,"player_choice":"AGREE","damage_taken":0,"max_hp_gain":0,"max_hp_loss":0,"event_name":"Liars Game","floor":2,"gold_loss":0,"cards_obtained":["Doubt"]},{"damage_healed":0,"gold_gain":0,"player_choice":"Take Damage","damage_taken":23,"relics_obtained":["Golden Idol"],"max_hp_gain":0,"max_hp_loss":0,"event_name":"Golden Idol","floor":3,"gold_loss":0},{"damage_healed":0,"gold_gain":0,"player_choice":"Entered Light","damage_taken":20,"max_hp_gain":0,"max_hp_loss":0,"event_name":"Shining Light","floor":12,"gold_loss":0,"cards_upgraded":["Strike_R","The Bomb"]},{"damage_healed":0,"gold_gain":0,"player_choice":"Ignored","damage_taken":0,"max_hp_gain":0,"max_hp_loss":0,"event_name":"Ghosts","floor":20,"gold_loss":0},{"damage_healed":0,"gold_gain":0,"player_choice":"Became a vampire","damage_taken":0,"max_hp_gain":0,"max_hp_loss":21,"event_name":"Vampires","floor":22,"gold_loss":0,"cards_obtained":["Bite","Bite","Bite","Bite","Bite"]}],"is_beta":false,"boss_relics":[{"not_picked":["Empty Cage","Ectoplasm"],"picked":"SlaversCollar"}],"items_purged_floors":[5],"is_endless":false,"potions_floor_spawned":[7,8,14,19],"killed_by":"Book of Stabbing","ascension_level":20}