{"gold_per_floor":[115,126,126,137,137,164,180,213,260,260,278,308,323,340,340,417,417,432,443,463,378,378,407,43,43,43,74,24,34,34,67,67,144,144,156,169,182,3,3,29,29,41,41,68,87,87,120,135,135,135,135,135,135,40,75,75],"floor_reached":57,"playtime":4040,"items_purged":["Strike_R","Strike_R","Strike_R"],"score":2748,"play_id":"5a051e05-1eb4-4d4f-8311-8f3e6d3fcaa6","local_time":"20210429234311","is_ascension_mode":true,"campfire_choices":[{"data":"Spot Weakness","floor":10.0,"key":"SMITH"},{"data":"Demon Form","floor":15.0,"key":"SMITH"},{"floor":25.0,"key":"REST"},{"floor":30.0,"key":"RECALL"},{"floor":32.0,"key":"REST"},{"floor":41.0,"key":"REST"},{"floor":46.0,"key":"REST"},{"floor":49.0,"key":"REST"},{"floor":53.0,"key":"REST"}],"neow_cost":"NONE","seed_source_timestamp":2007492201847200,"circlet_count":0,"master_deck":["AscendersBane","Strike_R","Defend_R","Defend_R+1","Defend_R+1","Defend_R","Bash","Swift Strike","Spot Weakness+1","Ghostly Armor","Battle Trance","Combust","Battle Trance","Reaper","Sword Boomerang","Demon Form+1","Reaper","Shrug It Off","Pummel","Reaper","Offering","True Grit+1","Battle Trance","Impervious","Sword Boomerang","Disarm","Armaments+1","Flame Barrier","Pommel Strike+1","Seeing Red","Shrug It Off+1","Disarm"],"special_seed":0,"relics":["Burning Blood","War Paint","Self Forming Clay","Smiling Mask","Regal Pillow","Fusion Hammer","Bag of Marbles","MawBank","Bag of Preparation","Vajra","Charon\u0027s Ashes","Dream Catcher","FossilizedHelix","Black Star","Kunai","Incense Burner","Nunchaku","Lantern","Meat on the Bone","Calipers","Turnip","Pear","Sundial"],"potions_floor_usage":[56,56],"damage_taken":[{"damage":7.0,"enemies":"Small Slimes","floor":1.0,"turns":3.0},{"damage":2.0,"enemies":"Jaw Worm","floor":2.0,"turns":3.0},{"damage":0.0,"enemies":"Cultist","floor":4.0,"turns":3.0},{"damage":38.0,"enemies":"Gremlin Nob","floor":6.0,"turns":4.0},{"damage":6.0,"enemies":"3 Louse","floor":7.0,"turns":5.0},{"damage":29.0,"enemies":"Lagavulin","floor":8.0,"turns":7.0},{"damage":6.0,"enemies":"Gremlin Gang","floor":11.0,"turns":3.0},{"damage":11.0,"enemies":"Gremlin Nob","floor":12.0,"turns":3.0},{"damage":15.0,"enemies":"Red Slaver","floor":13.0,"turns":6.0},{"damage":21.0,"enemies":"Blue Slaver","floor":14.0,"turns":10.0},{"damage":7.0,"enemies":"Hexaghost","floor":16.0,"turns":7.0},{"damage":12.0,"enemies":"Spheric Guardian","floor":18.0,"turns":4.0},{"damage":38.0,"enemies":"2 Thieves","floor":19.0,"turns":5.0},{"damage":40.0,"enemies":"Chosen and Byrds","floor":20.0,"turns":6.0},{"damage":46.0,"enemies":"Book of Stabbing","floor":23.0,"turns":5.0},{"damage":34.0,"enemies":"Gremlin Leader","floor":27.0,"turns":4.0},{"damage":35.0,"enemies":"Cultist and Chosen","floor":29.0,"turns":5.0},{"damage":41.0,"enemies":"Slavers","floor":31.0,"turns":3.0},{"damage":80.0,"enemies":"Automaton","floor":33.0,"turns":7.0},{"damage":0.0,"enemies":"Orb Walker","floor":35.0,"turns":2.0},{"damage":9.0,"enemies":"3 Shapes","floor":36.0,"turns":4.0},{"damage":31.0,"enemies":"Sphere and 2 Shapes","floor":37.0,"turns":6.0},{"damage":70.0,"enemies":"Nemesis","floor":40.0,"turns":9.0},{"damage":25.0,"enemies":"3 Darklings","floor":42.0,"turns":4.0},{"damage":56.0,"enemies":"Giant Head","floor":44.0,"turns":8.0},{"damage":24.0,"enemies":"Writhing Mass","floor":45.0,"turns":7.0},{"damage":105.0,"enemies":"Nemesis","floor":47.0,"turns":7.0},{"damage":0.0,"enemies":"Jaw Worm Horde","floor":48.0,"turns":1.0},{"damage":73.0,"enemies":"Awakened One","floor":50.0,"turns":13.0},{"damage":60.0,"enemies":"Donu and Deca","floor":51.0,"turns":9.0},{"damage":75.0,"enemies":"Shield and Spear","floor":55.0,"turns":8.0},{"damage":146,"enemies":"The Heart","floor":56,"turns":12}],"seed_played":"-1394271701998650633","potions_obtained":[{"floor":4.0,"key":"Explosive Potion"},{"floor":6.0,"key":"LiquidMemories"},{"floor":12.0,"key":"Dexterity Potion"},{"floor":16.0,"key":"SkillPotion"},{"floor":29.0,"key":"SmokeBomb"},{"floor":31.0,"key":"SteroidPotion"},{"floor":47.0,"key":"LiquidMemories"}],"is_trial":false,"path_per_floor":["M","M","?","M","?","E","M","E","T","R","M","E","M","M","R","B",null,"M","M","M","?","?","E","$","R","T","E","$","M","R","E","R","B",null,"M","M","M","$","T","E","R","M","T","E","M","R","E","M","R","B","B",null,"R","$","E","B",null],"character_chosen":"IRONCLAD","items_purchased":["Bag of Preparation","Vajra","Impervious","Sword Boomerang","Disarm"],"campfire_rested":6,"item_purchase_floors":[24,24,38,38,54],"current_hp_per_floor":[67,71,64,70,75,43,43,20,20,20,41,36,47,57,57,80,80,80,76,59,59,59,33,33,72,72,69,69,62,62,76,80,38,70,76,80,64,64,64,43,80,80,80,65,80,80,43,80,80,80,67,77,80,80,86,47],"gold":75,"neow_bonus":"RANDOM_COLORLESS","is_prod":false,"is_daily":false,"chose_seed":false,"campfire_upgraded":2,"win_rate":0,"timestamp":1619757791,"path_taken":["M","M","?","M","?","E","M","E","T","R","M","E","M","M","R","BOSS","M","M","M","?","?","E","$","R","T","E","?","M","R","E","R","BOSS","M","M","M","$","?","E","R","M","T","E","M","R","E","M","R","BOSS","BOSS","R","$","E","BOSS"],"build_version":"2020-12-22","purchased_purges":3,"victory":true,"max_hp_per_floor":[75,75,75,75,80,80,80,80,80,80,80,80,80,80,80,80,80,80,80,80,80,80,80,80,80,80,80,80,80,80,80,80,80,80,80,80,80,80,80,80,80,80,80,80,80,80,80,80,80,80,80,80,80,80,90,90],"card_choices":[{"not_picked":["Deep Breath","Purity"],"picked":"Swift Strike","floor":0.0},{"not_picked":["Power Through","Entrench"],"picked":"Spot Weakness","floor":1.0},{"not_picked":["Havoc","Clash"],"picked":"Ghostly Armor","floor":2.0},{"not_picked":["Dropkick","Anger"],"picked":"Battle Trance","floor":4.0},{"not_picked":["Cleave","Clothesline"],"picked":"Combust","floor":6.0},{"not_picked":["Pommel Strike","Clash"],"picked":"Battle Trance","floor":7.0},{"not_picked":["Wild Strike","Anger"],"picked":"Reaper","floor":8.0},{"not_picked":["Dark Embrace","Second Wind"],"picked":"Sword Boomerang","floor":11.0},{"not_picked":["Seeing Red","Infernal Blade"],"picked":"Demon Form","floor":12.0},{"not_picked":["Perfected Strike","Thunderclap","Wild Strike"],"picked":"SKIP","floor":13.0},{"not_picked":["Pommel Strike","Clash","True Grit"],"picked":"SKIP","floor":14.0},{"not_picked":["Fiend Fire","Berserk"],"picked":"Reaper","floor":16.0},{"not_picked":["Clothesline","Burning Pact"],"picked":"Shrug It Off","floor":18.0},{"not_picked":["Flex","Anger","Clothesline"],"picked":"SKIP","floor":19.0},{"not_picked":["Heavy Blade","Combust","Sword Boomerang"],"picked":"SKIP","floor":20.0},{"not_picked":["Headbutt","Anger","Pommel Strike"],"picked":"SKIP","floor":23.0},{"not_picked":["Corruption","Searing Blow"],"picked":"Reaper","floor":27.0},{"not_picked":["Perfected Strike","Dropkick","Whirlwind"],"picked":"SKIP","floor":29.0},{"not_picked":["Warcry","Pommel Strike","Dual Wield"],"picked":"SKIP","floor":31.0},{"not_picked":["Corruption","Brutality"],"picked":"Offering","floor":33.0},{"not_picked":["Combust+1","Infernal Blade"],"picked":"True Grit+1","floor":35.0},{"not_picked":["Wild Strike","Armaments+1"],"picked":"Battle Trance","floor":36.0},{"not_picked":["Rage","Warcry","Wild Strike"],"picked":"SKIP","floor":37.0},{"not_picked":["Rage+1","Armaments"],"picked":"Disarm","floor":40.0},{"not_picked":["Perfected Strike","Shrug It Off"],"picked":"Armaments+1","floor":41.0},{"not_picked":["Body Slam","Searing Blow"],"picked":"Flame Barrier","floor":42.0},{"not_picked":["Feed","Battle Trance","Havoc"],"picked":"SKIP","floor":44.0},{"not_picked":["Pummel+1","Rupture"],"picked":"Pommel Strike+1","floor":45.0},{"not_picked":["Thunderclap","Ghostly Armor","Heavy Blade"],"picked":"SKIP","floor":47.0},{"not_picked":["Havoc","Reckless Charge+1"],"picked":"Seeing Red","floor":48.0},{"not_picked":["Flame Barrier","Twin Strike"],"picked":"Shrug It Off+1","floor":49.0},{"not_picked":["Fire Breathing+1","Wild Strike","Entrench"],"picked":"SKIP","floor":55.0}],"player_experience":1480769,"relics_obtained":[{"floor":6.0,"key":"War Paint"},{"floor":8.0,"key":"Self Forming Clay"},{"floor":9.0,"key":"Smiling Mask"},{"floor":12.0,"key":"Regal Pillow"},{"floor":23.0,"key":"MawBank"},{"floor":26.0,"key":"Charon\u0027s Ashes"},{"floor":27.0,"key":"Dream Catcher"},{"floor":31.0,"key":"FossilizedHelix"},{"floor":39.0,"key":"Kunai"},{"floor":40.0,"key":"Incense Burner"},{"floor":40.0,"key":"Nunchaku"},{"floor":44.0,"key":"Lantern"},{"floor":44.0,"key":"Meat on the Bone"},{"floor":47.0,"key":"Calipers"},{"floor":47.0,"key":"Turnip"},{"floor":55.0,"key":"Pear"},{"floor":55.0,"key":"Sundial"}],"event_choices":[{"cards_removed":["Strike_R"],"damage_healed":0.0,"max_hp_gain":0.0,"max_hp_loss":0.0,"gold_gain":0.0,"event_name":"Golden Wing","player_choice":"Card Removal","floor":3.0,"gold_loss":0.0,"damage_taken":7.0},{"damage_healed":0.0,"max_hp_gain":5.0,"max_hp_loss":0.0,"gold_gain":0.0,"event_name":"Big Fish","player_choice":"Donut","floor":5.0,"gold_loss":0.0,"damage_taken":0.0},{"damage_healed":0.0,"max_hp_gain":0.0,"max_hp_loss":0.0,"gold_gain":0.0,"event_name":"Addict","player_choice":"Obtained Relic","floor":21.0,"gold_loss":85.0,"damage_taken":0.0,"relics_obtained":["Bag of Marbles"]},{"damage_healed":0.0,"max_hp_gain":0.0,"max_hp_loss":0.0,"gold_gain":0.0,"event_name":"The Library","player_choice":"Read","floor":22.0,"gold_loss":0.0,"damage_taken":0.0,"cards_obtained":["Pummel"]}],"is_beta":false,"boss_relics":[{"not_picked":["Astrolabe","Black Blood"],"picked":"Fusion Hammer"},{"not_picked":["Empty Cage","SacredBark"],"picked":"Black Star"}],"items_purged_floors":[24,28,54],"is_endless":false,"potions_floor_spawned":[4,6,7,12,16,18,23,29,31,36,37,47,48],"ascension_level":20}