{"gold_per_floor":[110,75,89,109,29,58,73,98,122,153,165,165,177,187,187,263,263,280,280,290,300,300],"floor_reached":22,"playtime":940,"items_purged":[],"score":420,"play_id":"f7a94924-9983-4955-87a8-5fc3f499a687","local_time":"20210427132909","is_ascension_mode":true,"campfire_choices":[{"floor":12,"key":"REST"},{"data":"Brutality","floor":15,"key":"SMITH"}],"neow_cost":"NONE","seed_source_timestamp":1801454178973500,"circlet_count":0,"master_deck":["AscendersBane","Strike_R","Strike_R","Strike_R","Strike_R","Strike_R","Defend_R","Defend_R","Defend_R","Defend_R","Bash","Cleave","Carnage","Anger","Inflame","Uppercut","Brutality+1","Disarm","Rupture","Immolate","Sword Boomerang","Pain","Pummel"],"relics":["Burning Blood","Regal Pillow","Red Skull","Pen Nib","Art of War","Boot","Cursed Key","WarpedTongs"],"potions_floor_usage":[10,18,21],"damage_taken":[{"damage":24,"enemies":"Jaw Worm","floor":1,"turns":5},{"damage":9,"enemies":"Small Slimes","floor":3,"turns":4},{"damage":0,"enemies":"Cultist","floor":4,"turns":2},{"damage":34,"enemies":"Gremlin Nob","floor":6,"turns":4},{"damage":11,"enemies":"Blue Slaver","floor":7,"turns":3},{"damage":25,"enemies":"Lagavulin","floor":8,"turns":6},{"damage":16,"enemies":"3 Sentries","floor":10,"turns":4},{"damage":6,"enemies":"Looter","floor":11,"turns":2},{"damage":11,"enemies":"Large Slime","floor":13,"turns":4},{"damage":1,"enemies":"2 Fungi Beasts","floor":14,"turns":2},{"damage":36,"enemies":"Slime Boss","floor":16,"turns":6},{"damage":8,"enemies":"Spheric Guardian","floor":18,"turns":3},{"damage":17,"enemies":"Shell Parasite","floor":20,"turns":2},{"damage":46,"enemies":"Cultist and Chosen","floor":21,"turns":6},{"damage":2,"enemies":"Shelled Parasite and Fungi","floor":22,"turns":1}],"seed_played":"-8402126882370378784","potions_obtained":[{"floor":4,"key":"SteroidPotion"},{"floor":10,"key":"Weak Potion"},{"floor":13,"key":"Block Potion"},{"floor":14,"key":"DuplicationPotion"}],"is_trial":false,"path_per_floor":["M","?","M","M","$","E","M","E","T","E","M","R","M","M","R","B",null,"M","?","M","M","M"],"character_chosen":"IRONCLAD","items_purchased":["Inflame"],"campfire_rested":1,"item_purchase_floors":[5],"current_hp_per_floor":[50,68,65,71,71,43,38,19,19,9,9,46,41,46,46,16,60,58,58,47,7,5],"gold":300,"neow_bonus":"RANDOM_COMMON_RELIC","is_prod":false,"is_daily":false,"chose_seed":false,"campfire_upgraded":1,"win_rate":0,"timestamp":1619548149,"path_taken":["M","?","M","M","$","E","M","E","T","E","M","R","M","M","R","BOSS","M","?","M","?","M"],"build_version":"2020-12-22","purchased_purges":0,"victory":false,"max_hp_per_floor":[75,75,75,75,75,75,75,75,75,75,75,75,75,75,75,75,75,75,75,75,75,75],"card_choices":[{"not_picked":["Dropkick","Heavy Blade"],"picked":"Cleave","floor":1},{"not_picked":["Twin Strike","Havoc"],"picked":"Carnage","floor":3},{"not_picked":["Shrug It Off","True Grit"],"picked":"Anger","floor":4},{"not_picked":["Headbutt","Rupture","Heavy Blade"],"picked":"SKIP","floor":6},{"not_picked":["Rage","Blood for Blood"],"picked":"Uppercut","floor":7},{"not_picked":["Shrug It Off","Blood for Blood"],"picked":"Brutality","floor":8},{"not_picked":["Headbutt","Flex"],"picked":"Disarm","floor":10},{"not_picked":["Thunderclap","Body Slam","Flex"],"picked":"SKIP","floor":11},{"not_picked":["Pommel Strike","Juggernaut"],"picked":"Rupture","floor":13},{"not_picked":["Twin Strike","True Grit","Warcry"],"picked":"SKIP","floor":14},{"not_picked":["Brutality","Juggernaut"],"picked":"Immolate","floor":16},{"not_picked":["Anger","Clothesline"],"picked":"Sword Boomerang","floor":18},{"not_picked":["Anger","Infernal Blade+1","Warcry"],"picked":"SKIP","floor":20},{"not_picked":["Feel No Pain","Wild Strike"],"picked":"Pummel","floor":21}],"player_experience":1444554,"relics_obtained":[{"floor":6,"key":"Red Skull"},{"floor":8,"key":"Pen Nib"},{"floor":9,"key":"Art of War"},{"floor":10,"key":"Boot"}],"event_choices":[{"damage_healed":18,"gold_gain":0,"player_choice":"Healed","damage_taken":0,"max_hp_gain":0,"max_hp_loss":0,"event_name":"The Cleric","floor":2,"gold_loss":35},{"damage_healed":0,"gold_gain":0,"player_choice":"Rummage","damage_taken":0,"relics_obtained":["WarpedTongs"],"max_hp_gain":0,"max_hp_loss":0,"event_name":"Accursed Blacksmith","floor":19,"gold_loss":0,"cards_obtained":["Pain"]}],"is_beta":false,"boss_relics":[{"not_picked":["Coffee Dripper","Runic Pyramid"],"picked":"Cursed Key"}],"items_purged_floors":[],"is_endless":false,"potions_floor_spawned":[4,10,13,14],"killed_by":"Shelled Parasite and Fungi","ascension_level":20}