{"gold_per_floor":[109,123,135,211,231,231,266,266,293,325,72,107,26,44,44,117,117,130,141,141,151,151,183,183,209,209,242,256,256,14,49,49,49],"floor_reached":33,"playtime":1789,"items_purged":[],"score":646,"play_id":"1fbf84ef-2e5d-4f22-bb56-d45c80745243","local_time":"20210427194758","is_ascension_mode":true,"campfire_choices":[{"data":"Wild Strike","floor":6,"key":"SMITH"},{"data":"Spot Weakness","floor":8,"key":"SMITH"},{"data":"Whirlwind","floor":15,"key":"SMITH"},{"data":"Shockwave","floor":24,"key":"SMITH"},{"data":"Evolve","floor":29,"key":"SMITH"},{"data":"Reaper","floor":32,"key":"SMITH"}],"neow_cost":"NONE","seed_source_timestamp":1823295612929000,"circlet_count":0,"master_deck":["AscendersBane","Strike_R+1","Strike_R+1","Strike_R+1","Strike_R+1","Strike_R+1","Defend_R+1","Defend_R+1","Defend_R+1","Defend_R+1","Bash","Reckless Charge","Spot Weakness+1","Clothesline","Wild Strike+1","Twin Strike","Anger","Evolve+1","Shockwave+1","Whirlwind+1","Reaper+1","Power Through","Hemokinesis+1","Fire Breathing+1","Offering","Impervious","Inflame"],"special_seed":0,"relics":["Burning Blood","Nunchaku","Potion Belt","Dream Catcher","Happy Flower","Velvet Choker","Smiling Mask","Juzu Bracelet","Strawberry","Calipers","Vajra"],"potions_floor_usage":[10,16,19,33,33,33,33,33,33,33],"damage_taken":[{"damage":1.0,"enemies":"Cultist","floor":1.0,"turns":3.0},{"damage":19.0,"enemies":"Jaw Worm","floor":2.0,"turns":4.0},{"damage":0,"enemies":"Small Slimes","floor":3,"turns":2},{"damage":13,"enemies":"Blue Slaver","floor":5,"turns":4},{"damage":11,"enemies":"Gremlin Nob","floor":7,"turns":3},{"damage":27,"enemies":"3 Sentries","floor":10,"turns":5},{"damage":8,"enemies":"Gremlin Nob","floor":12,"turns":3},{"damage":8,"enemies":"2 Fungi Beasts","floor":14,"turns":2},{"damage":20,"enemies":"Slime Boss","floor":16,"turns":7},{"damage":0,"enemies":"3 Byrds","floor":18,"turns":2},{"damage":7,"enemies":"Chosen","floor":19,"turns":3},{"damage":10,"enemies":"Centurion and Healer","floor":21,"turns":8},{"damage":25,"enemies":"Gremlin Leader","floor":23,"turns":8},{"damage":34,"enemies":"Book of Stabbing","floor":27,"turns":5},{"damage":39,"enemies":"Shelled Parasite and Fungi","floor":28,"turns":4},{"damage":18,"enemies":"Gremlin Leader","floor":31,"turns":5},{"damage":52,"enemies":"Automaton","floor":33,"turns":8}],"seed_played":"8034701844185689988","potions_obtained":[{"floor":1.0,"key":"SkillPotion"},{"floor":3,"key":"BloodPotion"},{"floor":7,"key":"Fruit Juice"},{"floor":10,"key":"Swift Potion"},{"floor":16,"key":"EntropicBrew"},{"floor":18,"key":"GamblersBrew"},{"floor":28,"key":"AttackPotion"}],"is_trial":false,"path_per_floor":["M","M","M","?","M","R","E","R","T","E","$","E","$","M","R","B",null,"M","M","?","M","?","E","R","T","T","E","M","R","$","E","R","B"],"character_chosen":"IRONCLAD","items_purchased":["Evolve","Happy Flower","Whirlwind","Impervious","Inflame"],"campfire_rested":0,"item_purchase_floors":[11,11,13,30,30],"current_hp_per_floor":[73,60,66,66,59,59,54,54,54,33,33,31,31,29,29,20,65,71,78,78,78,78,67,67,67,74,46,21,21,21,21,21,8],"gold":49,"neow_bonus":"RANDOM_COMMON_RELIC","is_prod":false,"is_daily":false,"chose_seed":false,"campfire_upgraded":6,"win_rate":0,"timestamp":1619570878,"path_taken":["M","M","?","?","M","R","E","R","T","E","$","E","$","M","R","BOSS","M","M","?","M","?","E","R","?","T","E","M","R","$","E","R","BOSS"],"build_version":"2020-12-22","purchased_purges":0,"victory":false,"max_hp_per_floor":[75,75,75,75,75,75,75,75,75,75,75,75,75,75,75,80,80,80,80,80,80,80,80,80,80,87,87,87,87,87,87,87,87],"card_choices":[{"not_picked":["Body Slam","Shrug It Off"],"picked":"Reckless Charge","floor":1.0},{"not_picked":["Headbutt","Clash"],"picked":"Spot Weakness","floor":2.0},{"not_picked":["Sentinel","Thunderclap"],"picked":"Clothesline","floor":3},{"not_picked":["Iron Wave","Hemokinesis"],"picked":"Wild Strike","floor":5},{"not_picked":["Double Tap","Second Wind"],"picked":"Twin Strike","floor":7},{"not_picked":["Rampage","Double Tap"],"picked":"Anger","floor":10},{"not_picked":["Carnage","Power Through"],"picked":"Shockwave","floor":12},{"not_picked":["Clash","Thunderclap","Perfected Strike"],"picked":"SKIP","floor":14},{"not_picked":["Exhume","Impervious"],"picked":"Reaper","floor":16},{"not_picked":["Feel No Pain","Rage"],"picked":"Power Through","floor":18},{"not_picked":["Wild Strike","Clash"],"picked":"Hemokinesis+1","floor":19},{"not_picked":["Warcry","Thunderclap"],"picked":"Fire Breathing+1","floor":21},{"not_picked":["Sword Boomerang","Shrug It Off"],"picked":"Offering","floor":23},{"not_picked":["Headbutt","Perfected Strike","Iron Wave"],"picked":"SKIP","floor":27},{"not_picked":["Shockwave","Twin Strike","Iron Wave+1"],"picked":"SKIP","floor":28},{"not_picked":["Flex","Body Slam","Wild Strike"],"picked":"SKIP","floor":31}],"player_experience":1446602,"relics_obtained":[{"floor":7,"key":"Potion Belt"},{"floor":10,"key":"Dream Catcher"},{"floor":23,"key":"Smiling Mask"},{"floor":25,"key":"Juzu Bracelet"},{"floor":26,"key":"Strawberry"},{"floor":27,"key":"Calipers"},{"floor":31,"key":"Vajra"}],"event_choices":[{"damage_healed":0,"gold_gain":76,"player_choice":"Gained Gold","damage_taken":0,"max_hp_gain":0,"max_hp_loss":0,"event_name":"Golden Wing","floor":4,"gold_loss":0},{"damage_healed":0,"gold_gain":0,"player_choice":"Simplicity","damage_taken":0,"max_hp_gain":0,"max_hp_loss":0,"event_name":"Back to Basics","floor":20,"gold_loss":0,"cards_upgraded":["Strike_R","Strike_R","Strike_R","Strike_R","Strike_R","Defend_R","Defend_R","Defend_R","Defend_R"]},{"damage_healed":0,"gold_gain":0,"player_choice":"Ignored","damage_taken":0,"max_hp_gain":0,"max_hp_loss":0,"event_name":"Vampires","floor":22,"gold_loss":0}],"is_beta":false,"boss_relics":[{"not_picked":["Fusion Hammer","Runic Dome"],"picked":"Velvet Choker"}],"items_purged_floors":[],"is_endless":false,"potions_floor_spawned":[1,3,7,10,16,18,28,31],"killed_by":"Automaton","ascension_level":20}