{"gold_per_floor":[15,15,26,45,45,78,94,94,117,132,170,194,194,234,234,329,329,342,342,392,408,424,468,492,527,572,593,631,655,655,688,688,777,777,802,181,181,514,157,157,184,234,234,259,259,285,299,325,325,325,325,325,325,3,32,32],"floor_reached":57,"playtime":6750,"items_purged":["Strike_R","Strike_R"],"score":3141,"play_id":"13c7acde-9d5e-49a7-b39d-e803332a697a","local_time":"20210502130930","is_ascension_mode":true,"campfire_choices":[{"data":"Flex","floor":8.0,"key":"SMITH"},{"data":"Pommel Strike","floor":15.0,"key":"SMITH"},{"data":"Whirlwind","floor":30.0,"key":"SMITH"},{"floor":32,"key":"REST"},{"data":"Corruption","floor":40,"key":"SMITH"},{"floor":45,"key":"RECALL"},{"data":"Shockwave","floor":49,"key":"SMITH"},{"floor":53,"key":"REST"}],"neow_cost":"NO_GOLD","seed_source_timestamp":2226416788965500,"circlet_count":0,"master_deck":["AscendersBane","Strike_R","Strike_R+1","Strike_R","Defend_R","Defend_R","Defend_R","Defend_R","Bash","Master of Strategy","Anger","Flex+1","Pommel Strike+1","Iron Wave","Intimidate","Power Through","Twin Strike","Battle Trance","Limit Break","Flex","RitualDagger+1","Anger","Reckless Charge","Whirlwind+1","Corruption+1","Rage","Sever Soul+1","Corruption","Flex","Flex","Apotheosis","Flash of Steel","Shockwave+1","Flex","Battle Trance","Parasite","Ghostly Armor+1","Pain"],"special_seed":0,"relics":["Burning Blood","Vajra","Toy Ornithopter","PreservedInsect","Self Forming Clay","Akabeko","Runic Pyramid","Strawberry","Whetstone","Nunchaku","Juzu Bracelet","Dead Branch","Cursed Key","Bag of Preparation","Red Skull","Pen Nib","Mummified Hand","Torii","Charon\u0027s Ashes","Gremlin Horn","Lantern","Bottled Tornado","Eternal Feather"],"potions_floor_usage":[33,56,56],"damage_taken":[{"damage":7.0,"enemies":"Small Slimes","floor":1.0,"turns":5.0},{"damage":2.0,"enemies":"Cultist","floor":3.0,"turns":4.0},{"damage":3.0,"enemies":"2 Louse","floor":4.0,"turns":3.0},{"damage":0.0,"enemies":"Gremlin Nob","floor":6.0,"turns":2.0},{"damage":6.0,"enemies":"Blue Slaver","floor":7.0,"turns":3.0},{"damage":6.0,"enemies":"3 Louse","floor":10.0,"turns":3.0},{"damage":0.0,"enemies":"Lagavulin","floor":11.0,"turns":4.0},{"damage":3.0,"enemies":"Large Slime","floor":12.0,"turns":4.0},{"damage":10.0,"enemies":"3 Sentries","floor":14.0,"turns":4.0},{"damage":50.0,"enemies":"The Guardian","floor":16.0,"turns":10.0},{"damage":0.0,"enemies":"Spheric Guardian","floor":18.0,"turns":3.0},{"damage":0.0,"enemies":"Chosen","floor":21.0,"turns":3.0},{"damage":23.0,"enemies":"Snake Plant","floor":22.0,"turns":3.0},{"damage":28.0,"enemies":"Slavers","floor":23.0,"turns":5.0},{"damage":7.0,"enemies":"Cultist and Chosen","floor":24.0,"turns":4.0},{"damage":12.0,"enemies":"Gremlin Leader","floor":25.0,"turns":3.0},{"damage":0.0,"enemies":"Chosen and Byrds","floor":27.0,"turns":3.0},{"damage":14.0,"enemies":"Book of Stabbing","floor":28.0,"turns":2.0},{"damage":4.0,"enemies":"Centurion and Healer","floor":29.0,"turns":3.0},{"damage":29.0,"enemies":"Slavers","floor":31.0,"turns":3.0},{"damage":44,"enemies":"Collector","floor":33,"turns":8},{"damage":11,"enemies":"Orb Walker","floor":35,"turns":2},{"damage":1,"enemies":"Reptomancer","floor":41,"turns":2},{"damage":2,"enemies":"2 Orb Walkers","floor":42,"turns":2},{"damage":0,"enemies":"Mind Bloom Boss Battle","floor":44,"turns":2},{"damage":0,"enemies":"Giant Head","floor":46,"turns":3},{"damage":3,"enemies":"3 Darklings","floor":47,"turns":2},{"damage":37,"enemies":"Time Eater","floor":50,"turns":7},{"damage":19,"enemies":"Awakened One","floor":51,"turns":4},{"damage":31,"enemies":"Shield and Spear","floor":55,"turns":4},{"damage":34,"enemies":"The Heart","floor":56,"turns":6}],"seed_played":"6541831388457074167","potions_obtained":[{"floor":1.0,"key":"Swift Potion"},{"floor":2.0,"key":"AttackPotion"},{"floor":2.0,"key":"PowerPotion"},{"floor":6.0,"key":"BloodPotion"},{"floor":16.0,"key":"Energy Potion"},{"floor":21.0,"key":"FearPotion"},{"floor":24.0,"key":"Explosive Potion"},{"floor":31,"key":"Explosive Potion"},{"floor":33,"key":"Explosive Potion"},{"floor":44,"key":"Dexterity Potion"},{"floor":55,"key":"GamblersBrew"}],"is_trial":false,"path_per_floor":["M","?","M","M","?","E","M","R","T","M","E","M","?","E","R","B",null,"M","?","?","M","M","E","M","E","T","M","E","M","R","E","R","B",null,"M","$","?","?","$","R","E","?","T","?","R","E","M","T","R","B","B",null,"R","$","E","B",null],"character_chosen":"IRONCLAD","items_purchased":["Bag of Preparation","Red Skull","Flex","Apotheosis","Pen Nib","Shockwave","Bottled Tornado","SteroidPotion"],"campfire_rested":2,"item_purchase_floors":[36,36,36,36,39,39,54,54],"current_hp_per_floor":[67,67,71,74,48,54,54,54,54,54,65,68,57,53,53,9,59,65,59,52,75,58,48,47,41,41,47,39,41,41,23,47,14,65,60,60,60,60,60,60,65,69,69,75,75,81,82,82,82,51,38,71,82,82,57,39],"gold":32,"neow_bonus":"RANDOM_COLORLESS_2","is_prod":false,"is_daily":false,"chose_seed":false,"campfire_upgraded":5,"win_rate":0,"timestamp":1619978970,"path_taken":["M","?","M","?","?","E","M","R","T","M","E","M","?","E","R","BOSS","M","?","?","M","M","E","?","E","T","?","E","M","R","E","R","BOSS","M","$","?","?","$","R","E","?","T","?","R","E","M","?","R","BOSS","BOSS","R","$","E","BOSS"],"build_version":"2020-12-22","purchased_purges":2,"victory":true,"max_hp_per_floor":[75,75,75,75,75,75,75,75,75,75,75,75,75,75,75,75,75,75,75,75,75,75,82,82,82,82,82,82,82,82,82,82,82,82,82,82,82,82,82,82,82,82,82,82,82,82,82,82,82,82,82,82,82,82,82,82],"card_choices":[{"not_picked":["Mayhem","Secret Technique"],"picked":"Master of Strategy","floor":0.0},{"not_picked":["Bloodletting","Wild Strike"],"picked":"Anger","floor":1.0},{"not_picked":["Body Slam","Warcry"],"picked":"Flex","floor":3.0},{"not_picked":["Evolve","Flex","Searing Blow"],"picked":"SKIP","floor":4.0},{"not_picked":["Anger","Ghostly Armor"],"picked":"Pommel Strike","floor":6.0},{"not_picked":["Heavy Blade","Anger"],"picked":"Iron Wave","floor":7.0},{"not_picked":["Double Tap","Thunderclap"],"picked":"Intimidate","floor":10.0},{"not_picked":["Dropkick","Intimidate"],"picked":"Power Through","floor":11.0},{"not_picked":["Disarm","Reckless Charge"],"picked":"Twin Strike","floor":12.0},{"not_picked":["Thunderclap","Cleave"],"picked":"Battle Trance","floor":14.0},{"not_picked":["Brutality","Demon Form"],"picked":"Limit Break","floor":16.0},{"not_picked":["Hemokinesis","Metallicize"],"picked":"Flex","floor":18.0},{"not_picked":["Twin Strike","Searing Blow"],"picked":"Anger","floor":21.0},{"not_picked":["Thunderclap","Clothesline+1","Havoc"],"picked":"SKIP","floor":22.0},{"not_picked":["Second Wind","Metallicize"],"picked":"Reckless Charge","floor":23.0},{"not_picked":["Sword Boomerang","Headbutt"],"picked":"Whirlwind","floor":24.0},{"not_picked":["Clash","Seeing Red"],"picked":"Corruption","floor":25.0},{"not_picked":["Ghostly Armor","True Grit"],"picked":"Rage","floor":27.0},{"not_picked":["Warcry","Perfected Strike","Cleave"],"picked":"SKIP","floor":28.0},{"not_picked":["Sword Boomerang","Warcry","Blood for Blood"],"picked":"SKIP","floor":29.0},{"not_picked":["Shrug It Off","Anger+1"],"picked":"Sever Soul+1","floor":31},{"not_picked":["Limit Break","Offering"],"picked":"Corruption","floor":33},{"not_picked":["Twin Strike+1","Headbutt"],"picked":"Flex","floor":35},{"not_picked":["Purity","Forethought"],"picked":"Flash of Steel","floor":37},{"not_picked":["Headbutt","Infernal Blade"],"picked":"Flex","floor":41},{"not_picked":["Anger","Heavy Blade"],"picked":"Battle Trance","floor":42},{"not_picked":["Pommel Strike","Twin Strike+1"],"picked":"Ghostly Armor+1","floor":44},{"not_picked":["Sword Boomerang","True Grit","Metallicize"],"picked":"SKIP","floor":46},{"not_picked":["Bludgeon","Clash","Pommel Strike"],"picked":"SKIP","floor":47},{"not_picked":["Anger+1","Carnage+1","Perfected Strike"],"picked":"SKIP","floor":55}],"player_experience":1512954,"relics_obtained":[{"floor":6.0,"key":"Vajra"},{"floor":9.0,"key":"Toy Ornithopter"},{"floor":11.0,"key":"PreservedInsect"},{"floor":14.0,"key":"Akabeko"},{"floor":23.0,"key":"Strawberry"},{"floor":25.0,"key":"Whetstone"},{"floor":26.0,"key":"Nunchaku"},{"floor":28.0,"key":"Juzu Bracelet"},{"floor":31,"key":"Dead Branch"},{"floor":41,"key":"Mummified Hand"},{"floor":42,"key":"Torii"},{"floor":44,"key":"Charon\u0027s Ashes"},{"floor":46,"key":"Gremlin Horn"},{"floor":48,"key":"Lantern"},{"floor":55,"key":"Eternal Feather"}],"event_choices":[{"damage_healed":0.0,"max_hp_gain":0.0,"max_hp_loss":0.0,"gold_gain":0.0,"event_name":"Lab","player_choice":"Got Potions","floor":2.0,"gold_loss":0.0,"damage_taken":0.0},{"damage_healed":0.0,"max_hp_gain":0.0,"max_hp_loss":0.0,"gold_gain":0.0,"event_name":"Golden Idol","player_choice":"Take Damage","floor":5.0,"gold_loss":0.0,"damage_taken":26.0,"relics_obtained":["Golden Idol"]},{"damage_healed":0.0,"max_hp_gain":0.0,"max_hp_loss":0.0,"gold_gain":0.0,"event_name":"Scrap Ooze","player_choice":"Success","floor":13.0,"gold_loss":0.0,"damage_taken":11.0,"relics_obtained":["Self Forming Clay"]},{"damage_healed":0.0,"max_hp_gain":0.0,"max_hp_loss":0.0,"gold_gain":0.0,"event_name":"Nest","player_choice":"Joined the Cult","floor":19.0,"gold_loss":0.0,"damage_taken":6.0,"cards_obtained":["RitualDagger"]},{"damage_healed":0.0,"max_hp_gain":0.0,"max_hp_loss":0.0,"gold_gain":50.0,"event_name":"FaceTrader","player_choice":"Touch","floor":20.0,"gold_loss":0.0,"damage_taken":7.0},{"damage_healed":0,"gold_gain":0,"player_choice":"Memory 1","damage_taken":0,"max_hp_gain":0,"max_hp_loss":0,"event_name":"SensoryStone","floor":37,"gold_loss":0},{"damage_healed":0,"gold_gain":333,"player_choice":"Gave Idol","damage_taken":0,"max_hp_gain":0,"max_hp_loss":0,"event_name":"The Moai Head","floor":38,"relics_lost":["Golden Idol"],"gold_loss":0},{"damage_healed":0,"gold_gain":0,"player_choice":"Fight","damage_taken":0,"max_hp_gain":0,"max_hp_loss":0,"event_name":"Mysterious Sphere","floor":42,"gold_loss":0},{"damage_healed":0,"gold_gain":0,"player_choice":"Fight","damage_taken":0,"max_hp_gain":0,"max_hp_loss":0,"event_name":"MindBloom","floor":44,"gold_loss":0}],"is_beta":false,"boss_relics":[{"not_picked":["Fusion Hammer","Coffee Dripper"],"picked":"Runic Pyramid"},{"not_picked":["Black Blood","Philosopher\u0027s Stone"],"picked":"Cursed Key"}],"items_purged_floors":[36,39],"is_endless":false,"potions_floor_spawned":[1,4,6,16,21,24,28,29,31,33,42,44,55],"ascension_level":20}