{"gold_per_floor":[118,118,131,152,152,188,201,201,201,214,214],"floor_reached":11,"playtime":562,"items_purged":[],"score":150,"play_id":"0bb9dec5-36ac-4179-9d4b-d7490295b3b6","local_time":"20210429200940","is_ascension_mode":true,"campfire_choices":[{"data":"Perfected Strike","floor":8,"key":"SMITH"}],"neow_cost":"NONE","seed_source_timestamp":1998603134624400,"circlet_count":0,"master_deck":["AscendersBane","Strike_R","Strike_R","Strike_R","Strike_R","Strike_R","Defend_R","Defend_R","Defend_R","Defend_R","Bash+1","Perfected Strike+1","Disarm","Hemokinesis"],"special_seed":0,"relics":["Burning Blood","Golden Idol","Boot","Happy Flower"],"potions_floor_usage":[10],"damage_taken":[{"damage":5.0,"enemies":"2 Louse","floor":1.0,"turns":4.0},{"damage":7.0,"enemies":"Jaw Worm","floor":3.0,"turns":3.0},{"damage":7.0,"enemies":"Small Slimes","floor":4.0,"turns":3.0},{"damage":8.0,"enemies":"Gremlin Nob","floor":6.0,"turns":3.0},{"damage":21,"enemies":"Gremlin Gang","floor":7,"turns":7},{"damage":3,"enemies":"Large Slime","floor":10,"turns":5},{"damage":37,"enemies":"3 Sentries","floor":11,"turns":10}],"seed_played":"-513641620059741503","potions_obtained":[{"floor":4.0,"key":"FearPotion"},{"floor":6.0,"key":"FearPotion"}],"is_trial":false,"path_per_floor":["M","?","M","M","?","E","M","R","T","M","E"],"character_chosen":"IRONCLAD","items_purchased":[],"campfire_rested":0,"item_purchase_floors":[],"current_hp_per_floor":[69,43,42,41,66,64,49,49,49,52,15],"gold":214,"neow_bonus":"UPGRADE_CARD","is_prod":false,"is_daily":false,"chose_seed":false,"campfire_upgraded":1,"win_rate":0,"timestamp":1619744980,"path_taken":["M","?","M","M","?","E","M","R","T","M","E"],"build_version":"2020-12-22","purchased_purges":0,"victory":false,"max_hp_per_floor":[75,75,75,75,75,75,75,75,75,75,75],"card_choices":[{"not_picked":["Iron Wave","Armaments"],"picked":"Perfected Strike","floor":1.0},{"not_picked":["True Grit","Body Slam","Clash"],"picked":"SKIP","floor":3.0},{"not_picked":["Pummel","Sword Boomerang","Feel No Pain"],"picked":"SKIP","floor":4.0},{"not_picked":["Clash","Shrug It Off"],"picked":"Disarm","floor":6.0},{"not_picked":["Entrench","Thunderclap","Dual Wield"],"picked":"SKIP","floor":7},{"not_picked":["Warcry","Feel No Pain"],"picked":"Hemokinesis","floor":10}],"player_experience":1474987,"relics_obtained":[{"floor":6.0,"key":"Boot"},{"floor":9,"key":"Happy Flower"}],"event_choices":[{"damage_healed":0.0,"max_hp_gain":0.0,"max_hp_loss":0.0,"gold_gain":0.0,"event_name":"Golden Idol","player_choice":"Take Damage","floor":2.0,"gold_loss":0.0,"damage_taken":26.0,"relics_obtained":["Golden Idol"]},{"damage_healed":25.0,"max_hp_gain":0.0,"max_hp_loss":0.0,"gold_gain":0.0,"event_name":"Big Fish","player_choice":"Banana","floor":5.0,"gold_loss":0.0,"damage_taken":0.0}],"is_beta":false,"boss_relics":[],"items_purged_floors":[],"is_endless":false,"potions_floor_spawned":[4,6],"killed_by":"3 Sentries","ascension_level":20}