{"gold_per_floor":[116,134,151,76,76,96,122,122,122,138,151,151,183,203,203,275,275,287,287,300,300,38,65,65],"floor_reached":24,"playtime":1114,"items_purged":[],"score":456,"play_id":"84e6c251-1652-4784-ac2f-0bd93ba124e1","local_time":"20210501152221","is_ascension_mode":true,"campfire_choices":[{"data":"Uppercut","floor":8,"key":"SMITH"},{"data":"Whirlwind","floor":12,"key":"SMITH"},{"data":"Demon Form","floor":15,"key":"SMITH"}],"neow_cost":"NONE","seed_source_timestamp":2153680863951400,"circlet_count":0,"master_deck":["AscendersBane","Strike_R","Strike_R","Strike_R","Strike_R","Strike_R","Defend_R","Defend_R","Defend_R","Bash+1","Flame Barrier","Burning Pact","Shrug It Off","Battle Trance","Uppercut+1","Whirlwind+1","Demon Form+1","Corruption","Shrug It Off","RitualDagger","Sword Boomerang","Sentinel","Feel No Pain"],"relics":["Sozu","Strawberry","StrikeDummy","Ginger","Cursed Key","Toxic Egg 2","Regal Pillow"],"potions_floor_usage":[],"damage_taken":[{"damage":2,"enemies":"Jaw Worm","floor":1,"turns":3},{"damage":3,"enemies":"2 Louse","floor":2,"turns":2},{"damage":1,"enemies":"Cultist","floor":3,"turns":3},{"damage":8,"enemies":"Blue Slaver","floor":6,"turns":5},{"damage":32,"enemies":"3 Sentries","floor":7,"turns":12},{"damage":4,"enemies":"Red Slaver","floor":10,"turns":3},{"damage":0,"enemies":"3 Louse","floor":11,"turns":1},{"damage":6,"enemies":"Gremlin Nob","floor":13,"turns":3},{"damage":0,"enemies":"Gremlin Gang","floor":14,"turns":1},{"damage":3,"enemies":"Hexaghost","floor":16,"turns":7},{"damage":0,"enemies":"Chosen","floor":18,"turns":3},{"damage":10,"enemies":"Spheric Guardian","floor":20,"turns":5},{"damage":38,"enemies":"Book of Stabbing","floor":23,"turns":5},{"damage":18,"enemies":"Snake Plant","floor":24,"turns":2}],"seed_played":"6313324481962516529","potions_obtained":[],"is_trial":false,"path_per_floor":["M","M","M","?","?","M","E","R","T","M","M","R","E","M","R","B",null,"M","?","M","?","$","E","M"],"character_chosen":"IRONCLAD","items_purchased":["Toxic Egg 2"],"campfire_rested":0,"item_purchase_floors":[22],"current_hp_per_floor":[66,63,62,62,62,54,29,29,29,25,25,25,19,19,19,16,66,66,60,50,50,50,12,0],"gold":65,"neow_bonus":"BOSS_RELIC","is_prod":false,"is_daily":false,"chose_seed":false,"campfire_upgraded":3,"win_rate":0,"timestamp":1619900541,"path_taken":["M","M","M","?","?","M","E","R","T","M","?","R","E","M","R","BOSS","M","?","M","?","$","E","M"],"build_version":"2020-12-22","purchased_purges":0,"victory":false,"max_hp_per_floor":[75,75,75,75,75,75,82,82,82,82,82,82,82,82,82,82,82,82,82,82,82,82,82,82],"card_choices":[{"not_picked":["Warcry","Anger"],"picked":"Flame Barrier","floor":1},{"not_picked":["Clash","True Grit"],"picked":"Burning Pact","floor":2},{"not_picked":["Armaments","Body Slam"],"picked":"Shrug It Off","floor":3},{"not_picked":["Twin Strike","Ghostly Armor"],"picked":"Battle Trance","floor":6},{"not_picked":["Sever Soul","Body Slam"],"picked":"Uppercut","floor":7},{"not_picked":["Iron Wave","Combust"],"picked":"Whirlwind","floor":10},{"not_picked":["Perfected Strike","Thunderclap","Flex"],"picked":"SKIP","floor":11},{"not_picked":["Flame Barrier","Clothesline"],"picked":"Demon Form","floor":13},{"not_picked":["Rage","Wild Strike","Flex"],"picked":"SKIP","floor":14},{"not_picked":["Immolate","Berserk"],"picked":"Corruption","floor":16},{"not_picked":["Battle Trance","Blood for Blood"],"picked":"Shrug It Off","floor":18},{"not_picked":["Warcry","Pommel Strike"],"picked":"Sword Boomerang","floor":20},{"not_picked":["Feed","Heavy Blade"],"picked":"Feel No Pain","floor":23}],"player_experience":1500366,"relics_obtained":[{"floor":7,"key":"Strawberry"},{"floor":9,"key":"StrikeDummy"},{"floor":13,"key":"Ginger"},{"floor":23,"key":"Regal Pillow"}],"event_choices":[{"cards_removed":["Defend_R"],"damage_healed":0,"gold_gain":0,"player_choice":"Card Removal","damage_taken":0,"max_hp_gain":0,"max_hp_loss":0,"event_name":"The Cleric","floor":4,"gold_loss":75},{"damage_healed":0,"gold_gain":0,"player_choice":"Forge","damage_taken":0,"max_hp_gain":0,"max_hp_loss":0,"event_name":"Accursed Blacksmith","floor":5,"gold_loss":0,"cards_upgraded":["Bash"]},{"damage_healed":0,"gold_gain":0,"player_choice":"Joined the Cult","damage_taken":6,"max_hp_gain":0,"max_hp_loss":0,"event_name":"Nest","floor":19,"gold_loss":0,"cards_obtained":["RitualDagger"]},{"damage_healed":0,"gold_gain":0,"player_choice":"1 cards matched","damage_taken":0,"max_hp_gain":0,"max_hp_loss":0,"event_name":"Match and Keep!","floor":21,"gold_loss":0,"cards_obtained":["Sentinel"]}],"is_beta":false,"boss_relics":[{"not_picked":["Tiny House","Pandora\u0027s Box"],"picked":"Cursed Key"}],"items_purged_floors":[],"is_endless":false,"potions_floor_spawned":[1,6,10,13,14,18,23],"killed_by":"Snake Plant","ascension_level":20}