{"gold_per_floor":[111,125,36,51,51,51,77,93,93,112,147,72,90,104,104,181,181,191,191,209,209,223,223,250,250,274,22,50,50,50,79,79,155,155,171,171,191,201,220,251,261,293,293,130,149,74,94,94,94,94,94],"floor_reached":51,"playtime":2436,"items_purged":["Strike_R+1"],"score":1558,"play_id":"0d5e23af-1c08-43f5-93bf-da144c54b936","local_time":"20210428020848","is_ascension_mode":true,"campfire_choices":[{"data":"Whirlwind","floor":6.0,"key":"SMITH"},{"data":"Immolate","floor":15.0,"key":"SMITH"},{"data":"Armaments","floor":23.0,"key":"SMITH"},{"floor":25.0,"key":"REST"},{"data":"Impervious","floor":29.0,"key":"SMITH"},{"data":"Offering","floor":32.0,"key":"SMITH"},{"floor":49.0,"key":"RECALL"}],"neow_cost":"NONE","seed_source_timestamp":1845493844253700,"circlet_count":0,"master_deck":["AscendersBane","Strike_R+1","Strike_R+1","Strike_R+1","Defend_R+1","Defend_R+1","Defend_R+1","Defend_R+1","Bash","Anger","Battle Trance","Whirlwind+1","Iron Wave","Disarm","Wild Strike","Immolate+1","Armaments+1","Offering+1","Impervious+1","Power Through","Impervious","Whirlwind","Thunderclap","Pommel Strike+1","Shockwave","Sword Boomerang+1","Shockwave+1","Sword Boomerang+1","Heavy Blade+1"],"special_seed":0,"relics":["Burning Blood","White Beast Statue","Prayer Wheel","Unceasing Top","SacredBark","Nilry\u0027s Codex","Strawberry","Bag of Preparation","Brimstone","Juzu Bracelet","Sundial","Snecko Eye","Akabeko","Centennial Puzzle","ClockworkSouvenir"],"potions_floor_usage":[50],"damage_taken":[{"damage":8.0,"enemies":"2 Louse","floor":1.0,"turns":4.0},{"damage":4.0,"enemies":"Small Slimes","floor":2.0,"turns":3.0},{"damage":1.0,"enemies":"Cultist","floor":4.0,"turns":3.0},{"damage":27.0,"enemies":"Gremlin Nob","floor":7.0,"turns":4.0},{"damage":7.0,"enemies":"Looter","floor":8.0,"turns":4.0},{"damage":0.0,"enemies":"Lots of Slimes","floor":10.0,"turns":1.0},{"damage":20.0,"enemies":"Lagavulin","floor":11.0,"turns":7.0},{"damage":11.0,"enemies":"Exordium Thugs","floor":13.0,"turns":4.0},{"damage":0.0,"enemies":"Large Slime","floor":14.0,"turns":2.0},{"damage":51.0,"enemies":"Hexaghost","floor":16.0,"turns":9.0},{"damage":0.0,"enemies":"2 Thieves","floor":18.0,"turns":1.0},{"damage":42.0,"enemies":"Shell Parasite","floor":20.0,"turns":4.0},{"damage":6.0,"enemies":"Centurion and Healer","floor":22.0,"turns":6.0},{"damage":43.0,"enemies":"Slavers","floor":24.0,"turns":5.0},{"damage":22.0,"enemies":"Book of Stabbing","floor":28.0,"turns":3.0},{"damage":0.0,"enemies":"Gremlin Leader","floor":31.0,"turns":4.0},{"damage":20.0,"enemies":"Automaton","floor":33.0,"turns":4.0},{"damage":0.0,"enemies":"3 Shapes","floor":35.0,"turns":1.0},{"damage":6.0,"enemies":"3 Darklings","floor":37.0,"turns":1.0},{"damage":15.0,"enemies":"Writhing Mass","floor":38.0,"turns":3.0},{"damage":50.0,"enemies":"Maw","floor":39.0,"turns":6.0},{"damage":0.0,"enemies":"Nemesis","floor":40.0,"turns":5.0},{"damage":0.0,"enemies":"3 Darklings","floor":41.0,"turns":1.0},{"damage":51.0,"enemies":"Reptomancer","floor":42.0,"turns":6.0},{"damage":14.0,"enemies":"Writhing Mass","floor":45.0,"turns":5.0},{"damage":0.0,"enemies":"4 Shapes","floor":47.0,"turns":2.0},{"damage":28,"enemies":"Donu and Deca","floor":50,"turns":5},{"damage":9,"enemies":"Time Eater","floor":51,"turns":3}],"seed_played":"8601267057948725614","potions_obtained":[{"floor":7.0,"key":"PowerPotion"},{"floor":8.0,"key":"BloodPotion"},{"floor":11.0,"key":"Ancient Potion"},{"floor":13.0,"key":"Energy Potion"},{"floor":14.0,"key":"FearPotion"},{"floor":16.0,"key":"LiquidMemories"},{"floor":18.0,"key":"BloodPotion"},{"floor":20.0,"key":"DistilledChaos"},{"floor":22.0,"key":"SmokeBomb"},{"floor":24.0,"key":"AttackPotion"},{"floor":28.0,"key":"Strength Potion"},{"floor":31.0,"key":"PowerPotion"},{"floor":33.0,"key":"DistilledChaos"},{"floor":35.0,"key":"PowerPotion"},{"floor":37.0,"key":"DuplicationPotion"},{"floor":38.0,"key":"BloodPotion"},{"floor":39.0,"key":"Explosive Potion"},{"floor":41.0,"key":"LiquidBronze"},{"floor":42.0,"key":"Dexterity Potion"},{"floor":45.0,"key":"PowerPotion"}],"is_trial":false,"path_per_floor":["M","M","$","M","?","R","E","M","T","M","E","?","M","M","R","B",null,"M","?","M","?","M","R","E","R","T","$","E","R","$","E","R","B",null,"M","?","M","M","M","E","M","E","T","$","M","$","M","?","R","B","B"],"character_chosen":"IRONCLAD","items_purchased":["Whirlwind","Brimstone","Power Through","ClockworkSouvenir"],"campfire_rested":1,"item_purchase_floors":[3,27,27,44],"current_hp_per_floor":[73,75,75,80,85,85,64,63,63,69,55,55,67,73,73,28,72,78,57,21,21,55,55,25,53,53,53,37,37,37,43,43,29,78,84,84,84,75,68,74,80,35,35,35,27,27,33,33,33,11,2],"gold":94,"neow_bonus":"TEN_PERCENT_HP_BONUS","is_prod":false,"is_daily":false,"chose_seed":false,"campfire_upgraded":5,"win_rate":0,"timestamp":1619593728,"path_taken":["M","M","$","M","?","R","E","M","T","M","E","?","M","M","R","BOSS","M","?","M","?","M","R","E","R","T","$","E","R","$","E","R","BOSS","M","?","M","M","M","E","M","E","T","?","M","$","M","?","R","BOSS","BOSS"],"build_version":"2020-12-22","purchased_purges":1,"victory":false,"max_hp_per_floor":[82,82,82,82,87,87,87,87,87,87,87,87,87,87,87,87,87,87,87,87,87,87,87,94,94,94,94,94,94,94,94,94,94,94,94,94,94,94,94,94,94,94,94,94,94,94,94,94,94,94,94],"card_choices":[{"not_picked":["Havoc","Heavy Blade"],"picked":"Anger","floor":1.0},{"not_picked":["Shrug It Off","Flex"],"picked":"Battle Trance","floor":2.0},{"not_picked":["Reckless Charge","Feel No Pain"],"picked":"Iron Wave","floor":4.0},{"not_picked":["Twin Strike","Barricade"],"picked":"Disarm","floor":7.0},{"not_picked":["Perfected Strike","Headbutt"],"picked":"Wild Strike","floor":8.0},{"not_picked":["Havoc","Clothesline","Flex"],"picked":"SKIP","floor":10.0},{"not_picked":["Headbutt","Combust","Body Slam"],"picked":"SKIP","floor":10.0},{"not_picked":["Second Wind","Thunderclap","Cleave"],"picked":"SKIP","floor":11.0},{"not_picked":["Flex","Rampage"],"picked":"Immolate","floor":13.0},{"not_picked":["Sword Boomerang","Flex","Burning Pact"],"picked":"SKIP","floor":13.0},{"not_picked":["Headbutt","Sever Soul"],"picked":"Armaments","floor":14.0},{"not_picked":["Twin Strike","Armaments","Wild Strike"],"picked":"SKIP","floor":14.0},{"not_picked":["Impervious","Reaper"],"picked":"Offering","floor":16.0},{"not_picked":["Wild Strike","Warcry"],"picked":"Inflame","floor":18.0},{"not_picked":["Twin Strike","Wild Strike","Dropkick"],"picked":"SKIP","floor":18.0},{"not_picked":["Iron Wave","Flex","Heavy Blade"],"picked":"SKIP","floor":20.0},{"not_picked":["Wild Strike","Iron Wave","Infernal Blade"],"picked":"SKIP","floor":20.0},{"not_picked":["Pommel Strike","Clothesline","Perfected Strike"],"picked":"SKIP","floor":22.0},{"not_picked":["Searing Blow","Flame Barrier","Heavy Blade"],"picked":"SKIP","floor":22.0},{"not_picked":["Flex","Iron Wave"],"picked":"Impervious","floor":24.0},{"not_picked":["Armaments","Dual Wield","Infernal Blade"],"picked":"SKIP","floor":28.0},{"not_picked":["Armaments","True Grit","Wild Strike"],"picked":"SKIP","floor":31.0},{"not_picked":["Berserk","Exhume"],"picked":"Impervious","floor":33.0},{"not_picked":["Battle Trance","Thunderclap"],"picked":"Whirlwind","floor":35.0},{"not_picked":["Warcry+1","Flex","Clothesline"],"picked":"SKIP","floor":35.0},{"not_picked":["Headbutt","Shrug It Off"],"picked":"Pommel Strike+1","floor":37.0},{"not_picked":["Fire Breathing","Havoc","Second Wind"],"picked":"SKIP","floor":37.0},{"not_picked":["Cleave","Dual Wield","Pommel Strike"],"picked":"SKIP","floor":38.0},{"not_picked":["Havoc","Immolate","Flex"],"picked":"SKIP","floor":38.0},{"not_picked":["Wild Strike","Havoc"],"picked":"Shockwave","floor":39.0},{"not_picked":["Battle Trance","Warcry","Anger"],"picked":"SKIP","floor":39.0},{"not_picked":["Twin Strike","Thunderclap"],"picked":"Sword Boomerang+1","floor":40.0},{"not_picked":["Combust","Headbutt"],"picked":"Shockwave+1","floor":41.0},{"not_picked":["Headbutt+1","Hemokinesis+1","Juggernaut"],"picked":"SKIP","floor":41.0},{"not_picked":["Wild Strike","Anger+1","Uppercut+1"],"picked":"SKIP","floor":42.0},{"not_picked":["Warcry","Perfected Strike","Flex"],"picked":"SKIP","floor":45.0},{"not_picked":["Body Slam","Whirlwind","Intimidate+1"],"picked":"SKIP","floor":45.0},{"not_picked":["Clothesline","Cleave"],"picked":"Sword Boomerang+1","floor":47.0},{"not_picked":["Second Wind","Armaments+1"],"picked":"Heavy Blade","floor":47.0}],"player_experience":1453819,"relics_obtained":[{"floor":7.0,"key":"White Beast Statue"},{"floor":9.0,"key":"Prayer Wheel"},{"floor":11.0,"key":"Unceasing Top"},{"floor":19.0,"key":"Nilry\u0027s Codex"},{"floor":24.0,"key":"Strawberry"},{"floor":26.0,"key":"Bag of Preparation"},{"floor":28.0,"key":"Juzu Bracelet"},{"floor":31.0,"key":"Sundial"},{"floor":40.0,"key":"Akabeko"},{"floor":42.0,"key":"Centennial Puzzle"}],"event_choices":[{"damage_healed":0.0,"max_hp_gain":5.0,"max_hp_loss":0.0,"gold_gain":0.0,"event_name":"Big Fish","player_choice":"Donut","floor":5.0,"gold_loss":0.0,"damage_taken":0.0},{"cards_removed":["Strike_R"],"damage_healed":0.0,"max_hp_gain":0.0,"max_hp_loss":0.0,"gold_gain":0.0,"event_name":"The Cleric","player_choice":"Card Removal","floor":12.0,"gold_loss":75.0,"damage_taken":0.0},{"damage_healed":0.0,"max_hp_gain":0.0,"max_hp_loss":0.0,"gold_gain":0.0,"event_name":"Cursed Tome","player_choice":"Obtained Book","floor":19.0,"gold_loss":0.0,"damage_taken":21.0},{"damage_healed":0.0,"max_hp_gain":0.0,"max_hp_loss":0.0,"gold_gain":0.0,"event_name":"Back to Basics","player_choice":"Simplicity","floor":21.0,"gold_loss":0.0,"damage_taken":0.0,"cards_upgraded":["Strike_R","Strike_R","Strike_R","Strike_R","Defend_R","Defend_R","Defend_R","Defend_R"]},{"damage_healed":0.0,"max_hp_gain":0.0,"max_hp_loss":0.0,"gold_gain":0.0,"cards_transformed":["Inflame"],"event_name":"Transmorgrifier","player_choice":"Transformed","floor":36.0,"gold_loss":0.0,"damage_taken":0.0,"cards_obtained":["Thunderclap"]},{"damage_healed":0.0,"max_hp_gain":0.0,"max_hp_loss":0.0,"gold_gain":0.0,"event_name":"Accursed Blacksmith","player_choice":"Forge","floor":48.0,"gold_loss":0.0,"damage_taken":0.0,"cards_upgraded":["Heavy Blade"]}],"is_beta":false,"boss_relics":[{"not_picked":["Runic Dome","Black Star"],"picked":"SacredBark"},{"not_picked":["SlaversCollar","Velvet Choker"],"picked":"Snecko Eye"}],"items_purged_floors":[46],"is_endless":false,"potions_floor_spawned":[7,8,10,11,13,14,16,18,20,22,24,28,31,33,35,37,38,39,40,41,42,45,47],"killed_by":"Time Eater","ascension_level":20}