{"gold_per_floor":[119,119,138,151,151,190,209,284,284,327,24,24,45,60,60,176,176,196,196,196,196,220,260,260,304,304,304,340,364,408,408,408,504,504,519,852,870,870,887,919,930,619,619,638,536,587,619,630,630,630,630,630,630,28,55,55],"floor_reached":57,"playtime":4053,"items_purged":["Strike_R","Strike_R","Strike_R"],"score":3025,"play_id":"d1b7f324-0113-49e6-b3f1-073bf02cde60","local_time":"20210430154225","is_ascension_mode":true,"campfire_choices":[{"floor":12,"key":"REST"},{"data":"Combust","floor":15,"key":"SMITH"},{"data":"Offering","floor":24,"key":"SMITH"},{"floor":27,"key":"REST"},{"data":"Rupture","floor":32,"key":"SMITH"},{"floor":49,"key":"RECALL"},{"data":"Demon Form","floor":53,"key":"SMITH"}],"neow_cost":"NONE","seed_source_timestamp":2065517065610800,"circlet_count":0,"master_deck":["AscendersBane","Strike_R","Strike_R","Defend_R","Defend_R","Defend_R","Defend_R","Bash","Combust+1","Battle Trance","Pommel Strike","Rupture+1","Offering+1","Disarm","Impervious","Ghostly","Ghostly","Ghostly","Shrug It Off","Reaper","Battle Trance","Demon Form+1","Limit Break","Shrug It Off+1","Pommel Strike+1","Combust","Shrug It Off","Shrug It Off","Clothesline","Heavy Blade+1","Exhume","Shrug It Off+1","Chrysalis","Shrug It Off","Power Through","Evolve","Heavy Blade"],"relics":["Burning Blood","Mummified Hand","Self Forming Clay","Pantograph","Membership Card","Bottled Lightning","Sozu","MutagenicStrength","Strawberry","Regal Pillow","Bronze Scales","Bottled Tornado","Pear","Runic Cube","Shovel","Akabeko","Blue Candle","Du-Vu Doll","Charon\u0027s Ashes","Potion Belt","Frozen Eye","Sundial","Letter Opener","Centennial Puzzle"],"potions_floor_usage":[6,6,10,16,16],"damage_taken":[{"damage":1,"enemies":"Cultist","floor":1,"turns":4},{"damage":0,"enemies":"2 Louse","floor":3,"turns":4},{"damage":4,"enemies":"Small Slimes","floor":4,"turns":4},{"damage":22,"enemies":"Lagavulin","floor":6,"turns":9},{"damage":11,"enemies":"Blue Slaver","floor":7,"turns":5},{"damage":20,"enemies":"3 Sentries","floor":10,"turns":6},{"damage":8,"enemies":"Looter","floor":13,"turns":3},{"damage":10,"enemies":"Large Slime","floor":14,"turns":5},{"damage":11,"enemies":"Slime Boss","floor":16,"turns":6},{"damage":10,"enemies":"Chosen","floor":18,"turns":5},{"damage":9,"enemies":"2 Thieves","floor":22,"turns":5},{"damage":11,"enemies":"Gremlin Leader","floor":23,"turns":6},{"damage":24,"enemies":"Book of Stabbing","floor":25,"turns":5},{"damage":7,"enemies":"Gremlin Leader","floor":28,"turns":5},{"damage":11,"enemies":"Sentry and Sphere","floor":29,"turns":6},{"damage":7,"enemies":"Slavers","floor":30,"turns":6},{"damage":32,"enemies":"Collector","floor":33,"turns":8},{"damage":9,"enemies":"3 Shapes","floor":35,"turns":5},{"damage":10,"enemies":"3 Darklings","floor":37,"turns":4},{"damage":9,"enemies":"Sphere and 2 Shapes","floor":39,"turns":4},{"damage":6,"enemies":"Nemesis","floor":40,"turns":5},{"damage":11,"enemies":"Transient","floor":41,"turns":6},{"damage":14,"enemies":"Writhing Mass","floor":44,"turns":6},{"damage":9,"enemies":"2 Orb Walkers","floor":46,"turns":4},{"damage":13,"enemies":"Reptomancer","floor":47,"turns":4},{"damage":8,"enemies":"Jaw Worm Horde","floor":48,"turns":3},{"damage":66,"enemies":"Awakened One","floor":50,"turns":8},{"damage":68,"enemies":"Time Eater","floor":51,"turns":10},{"damage":16,"enemies":"Shield and Spear","floor":55,"turns":8},{"damage":68,"enemies":"The Heart","floor":56,"turns":7}],"seed_played":"-5934093957951810375","potions_obtained":[{"floor":1,"key":"Ancient Potion"},{"floor":3,"key":"SpeedPotion"},{"floor":7,"key":"Fire Potion"},{"floor":10,"key":"BlessingOfTheForge"},{"floor":14,"key":"ColorlessPotion"}],"is_trial":false,"path_per_floor":["M","?","M","M","?","E","M","?","T","E","$","R","M","M","R","B",null,"M","?","?","?","M","E","R","E","T","R","E","M","E","?","R","B",null,"M","?","M","?","M","E","M","$","T","M","$","?","E","M","R","B","B",null,"R","$","E","B",null],"character_chosen":"IRONCLAD","items_purchased":["Membership Card","Bottled Lightning","Akabeko","Blue Candle","Combust","Shrug It Off","Shrug It Off","Clothesline","Frozen Eye","Sundial","Letter Opener","Chrysalis","Shrug It Off","Power Through","Evolve"],"campfire_rested":2,"item_purchase_floors":[11,11,42,42,42,42,45,45,54,54,54,54,54,54,54],"current_hp_per_floor":[80,74,74,74,56,40,35,24,24,10,10,32,30,26,26,46,67,63,63,63,37,34,36,36,18,18,44,43,43,54,54,54,42,51,54,54,54,51,51,51,46,46,46,48,48,51,50,51,51,23,17,43,43,43,33,23],"gold":55,"neow_bonus":"TEN_PERCENT_HP_BONUS","is_prod":false,"is_daily":false,"chose_seed":false,"campfire_upgraded":4,"win_rate":0,"timestamp":1619815345,"path_taken":["M","?","M","M","?","E","M","?","T","E","?","R","M","M","R","BOSS","M","?","?","?","M","E","R","E","T","R","E","M","E","?","R","BOSS","M","?","M","?","M","E","M","$","T","M","$","?","E","M","R","BOSS","BOSS","R","$","E","BOSS"],"build_version":"2020-12-22","purchased_purges":3,"victory":true,"max_hp_per_floor":[82,74,74,74,74,74,74,74,74,74,74,74,74,74,74,74,74,74,74,74,37,37,44,44,44,44,44,44,44,54,54,54,54,54,54,54,54,51,51,51,51,51,51,51,51,51,51,51,51,51,51,51,51,51,51,51],"card_choices":[{"not_picked":["Pommel Strike","Evolve"],"picked":"Combust","floor":1},{"not_picked":["Fire Breathing","Heavy Blade"],"picked":"Battle Trance","floor":3},{"not_picked":["Armaments","Warcry"],"picked":"Pommel Strike","floor":4},{"not_picked":["Anger","Battle Trance"],"picked":"Rupture","floor":6},{"not_picked":["Clash","Thunderclap","Clothesline"],"picked":"SKIP","floor":7},{"not_picked":["Searing Blow","Pommel Strike"],"picked":"Offering","floor":10},{"not_picked":["Warcry","Clash"],"picked":"Disarm","floor":13},{"not_picked":["Wild Strike","Fire Breathing","Perfected Strike"],"picked":"SKIP","floor":14},{"not_picked":["Double Tap","Fiend Fire"],"picked":"Impervious","floor":16},{"not_picked":["Rage","Flex","Entrench"],"picked":"SKIP","floor":18},{"not_picked":["Anger","Cleave"],"picked":"Shrug It Off","floor":22},{"not_picked":["Bludgeon","True Grit","Shrug It Off"],"picked":"SKIP","floor":23},{"not_picked":["Blood for Blood","Flex","Bloodletting"],"picked":"SKIP","floor":25},{"not_picked":["Intimidate","Twin Strike"],"picked":"Reaper","floor":28},{"not_picked":["Wild Strike","Thunderclap","Havoc"],"picked":"SKIP","floor":29},{"not_picked":["Iron Wave","Evolve"],"picked":"Battle Trance","floor":30},{"not_picked":["Bludgeon","Double Tap"],"picked":"Demon Form","floor":33},{"not_picked":["Shrug It Off","Heavy Blade","Thunderclap"],"picked":"SKIP","floor":35},{"not_picked":["True Grit","Blood for Blood","Metallicize"],"picked":"SKIP","floor":37},{"not_picked":["Rage+1","Clothesline+1"],"picked":"Limit Break","floor":39},{"not_picked":["Pommel Strike","Warcry"],"picked":"Shrug It Off+1","floor":40},{"not_picked":["Spot Weakness","Dropkick+1"],"picked":"Pommel Strike+1","floor":41},{"not_picked":["Shrug It Off","Cleave","Anger+1"],"picked":"SKIP","floor":44},{"not_picked":["Searing Blow","Whirlwind"],"picked":"Heavy Blade+1","floor":46},{"not_picked":["Havoc+1","Anger+1"],"picked":"Exhume","floor":47},{"not_picked":["Heavy Blade","Dark Embrace"],"picked":"Shrug It Off+1","floor":48},{"not_picked":["Reckless Charge","Perfected Strike"],"picked":"Heavy Blade","floor":55}],"player_experience":1484874,"relics_obtained":[{"floor":6,"key":"Self Forming Clay"},{"floor":10,"key":"Pantograph"},{"floor":23,"key":"Strawberry"},{"floor":25,"key":"Regal Pillow"},{"floor":26,"key":"Bronze Scales"},{"floor":28,"key":"Bottled Tornado"},{"floor":30,"key":"Pear"},{"floor":40,"key":"Shovel"},{"floor":43,"key":"Du-Vu Doll"},{"floor":46,"key":"Charon\u0027s Ashes"},{"floor":47,"key":"Potion Belt"},{"floor":55,"key":"Centennial Puzzle"}],"event_choices":[{"damage_healed":0,"gold_gain":0,"player_choice":"Lose Max HP","damage_taken":0,"relics_obtained":["Golden Idol"],"max_hp_gain":0,"max_hp_loss":8,"event_name":"Golden Idol","floor":2,"gold_loss":0},{"damage_healed":0,"gold_gain":0,"player_choice":"Success","damage_taken":18,"relics_obtained":["Mummified Hand"],"max_hp_gain":0,"max_hp_loss":0,"event_name":"Scrap Ooze","floor":5,"gold_loss":0},{"damage_healed":0,"gold_gain":75,"player_choice":"Gather Gold","damage_taken":11,"max_hp_gain":0,"max_hp_loss":0,"event_name":"World of Goop","floor":8,"gold_loss":0},{"damage_healed":0,"gold_gain":0,"player_choice":"Inject Mutagens","damage_taken":0,"relics_obtained":["MutagenicStrength"],"max_hp_gain":0,"max_hp_loss":0,"event_name":"Drug Dealer","floor":19,"gold_loss":0},{"damage_healed":0,"gold_gain":0,"player_choice":"Ignored","damage_taken":0,"max_hp_gain":0,"max_hp_loss":0,"event_name":"The Mausoleum","floor":20,"gold_loss":0},{"damage_healed":0,"gold_gain":0,"player_choice":"Became a Ghost","damage_taken":0,"max_hp_gain":0,"max_hp_loss":37,"event_name":"Ghosts","floor":21,"gold_loss":0,"cards_obtained":["Ghostly","Ghostly","Ghostly"]},{"damage_healed":0,"gold_gain":0,"player_choice":"Ignored","damage_taken":0,"max_hp_gain":0,"max_hp_loss":0,"event_name":"Vampires","floor":31,"gold_loss":0},{"damage_healed":0,"gold_gain":333,"player_choice":"Gave Idol","damage_taken":0,"max_hp_gain":0,"max_hp_loss":0,"event_name":"The Moai Head","floor":36,"relics_lost":["Golden Idol"],"gold_loss":0},{"damage_healed":0,"gold_gain":0,"player_choice":"Max HP","damage_taken":0,"max_hp_gain":0,"max_hp_loss":3,"event_name":"Winding Halls","floor":38,"gold_loss":0},{"damage_healed":0,"gold_gain":0,"player_choice":"Fight","damage_taken":0,"max_hp_gain":0,"max_hp_loss":0,"event_name":"Mysterious Sphere","floor":46,"gold_loss":0}],"is_beta":false,"boss_relics":[{"not_picked":["Mark of Pain","Busted Crown"],"picked":"Sozu"},{"not_picked":["Velvet Choker","Coffee Dripper"],"picked":"Runic Cube"}],"items_purged_floors":[42,45,54],"is_endless":false,"potions_floor_spawned":[1,3,7,10,14,28,29,30,33,37,39,40,44,47],"ascension_level":20}