{"gold_per_floor":[110,122,122,141,155,155,171,189,189,221,232,257,257,288,288,364,364,383,30,30,49,49,76,95,105,105,121,155,155,167,194,194,267,267,284,43,60,79,39,69,84,100,100,130,130,148,159,192,192,192,192,192,192,19,48,48],"floor_reached":57,"playtime":4194,"items_purged":["Strike_R","Strike_R"],"score":3360,"play_id":"433e8a6a-1613-4c6c-b574-5aa9b4bdc372","local_time":"20210429002658","is_ascension_mode":true,"campfire_choices":[{"data":"True Grit","floor":6,"key":"SMITH"},{"data":"Feel No Pain","floor":15,"key":"SMITH"},{"data":"Corruption","floor":29,"key":"SMITH"},{"data":"Pommel Strike","floor":32,"key":"SMITH"},{"floor":45,"key":"RECALL"},{"data":"Barricade","floor":49,"key":"SMITH"},{"data":"Impervious","floor":53,"key":"SMITH"}],"neow_cost":"TEN_PERCENT_HP_LOSS","seed_source_timestamp":1924047554341600,"circlet_count":0,"master_deck":["AscendersBane","Strike_R","Strike_R","Strike_R","Defend_R","Defend_R","Defend_R","Defend_R","Bash","True Grit+1","Shrug It Off","Juggernaut","Infernal Blade","Second Wind","Intimidate","Pommel Strike+1","Impervious+1","Feel No Pain+1","Corruption+1","Dark Embrace","Feel No Pain+1","Power Through+1","Shockwave+1","Infernal Blade+1","True Grit+1","Impervious+1","Barricade+1","Feel No Pain","True Grit+1","Warcry+1","Body Slam+1","Corruption","Body Slam","Armaments+1"],"relics":["Burning Blood","Charon\u0027s Ashes","Potion Belt","Happy Flower","Vajra","Mercury Hourglass","SacredBark","Letter Opener","Pear","Toxic Egg 2","FossilizedHelix","Blood Vial","Runic Pyramid","Dead Branch","Self Forming Clay","Juzu Bracelet","Bag of Preparation","Shuriken"],"potions_floor_usage":[5,11,18,25,25,28,28,39,44,50,55,55,56,56,56,56,56,56],"damage_taken":[{"damage":7,"enemies":"Jaw Worm","floor":1,"turns":3},{"damage":0,"enemies":"Cultist","floor":2,"turns":3},{"damage":4,"enemies":"2 Louse","floor":4,"turns":2},{"damage":0,"enemies":"Lots of Slimes","floor":5,"turns":3},{"damage":1,"enemies":"2 Fungi Beasts","floor":7,"turns":3},{"damage":4,"enemies":"Red Slaver","floor":8,"turns":3},{"damage":12,"enemies":"3 Sentries","floor":10,"turns":5},{"damage":0,"enemies":"Gremlin Gang","floor":11,"turns":3},{"damage":12,"enemies":"Lagavulin","floor":12,"turns":4},{"damage":5,"enemies":"3 Sentries","floor":14,"turns":4},{"damage":34,"enemies":"Slime Boss","floor":16,"turns":10},{"damage":7,"enemies":"2 Thieves","floor":18,"turns":3},{"damage":0,"enemies":"3 Byrds","floor":21,"turns":3},{"damage":13,"enemies":"Book of Stabbing","floor":23,"turns":5},{"damage":0,"enemies":"Sentry and Sphere","floor":24,"turns":3},{"damage":21,"enemies":"Snake Plant","floor":25,"turns":3},{"damage":0,"enemies":"Snecko","floor":27,"turns":4},{"damage":11,"enemies":"Slavers","floor":28,"turns":5},{"damage":0,"enemies":"Centurion and Healer","floor":30,"turns":4},{"damage":0,"enemies":"Book of Stabbing","floor":31,"turns":6},{"damage":0,"enemies":"Collector","floor":33,"turns":4},{"damage":0,"enemies":"Orb Walker","floor":35,"turns":4},{"damage":0,"enemies":"3 Shapes","floor":37,"turns":3},{"damage":17,"enemies":"Jaw Worm Horde","floor":38,"turns":2},{"damage":0,"enemies":"Reptomancer","floor":40,"turns":4},{"damage":6,"enemies":"Transient","floor":41,"turns":6},{"damage":0,"enemies":"4 Shapes","floor":42,"turns":2},{"damage":0,"enemies":"Nemesis","floor":44,"turns":9},{"damage":0,"enemies":"Writhing Mass","floor":46,"turns":2},{"damage":0,"enemies":"Sphere and 2 Shapes","floor":47,"turns":3},{"damage":11,"enemies":"Reptomancer","floor":48,"turns":4},{"damage":2,"enemies":"Donu and Deca","floor":50,"turns":10},{"damage":0,"enemies":"Awakened One","floor":51,"turns":6},{"damage":30,"enemies":"Shield and Spear","floor":55,"turns":4},{"damage":37,"enemies":"The Heart","floor":56,"turns":7}],"seed_played":"-4400587161378168017","potions_obtained":[{"floor":1,"key":"Swift Potion"},{"floor":5,"key":"Explosive Potion"},{"floor":10,"key":"EntropicBrew"},{"floor":11,"key":"SkillPotion"},{"floor":16,"key":"Energy Potion"},{"floor":21,"key":"EntropicBrew"},{"floor":23,"key":"ColorlessPotion"},{"floor":28,"key":"ColorlessPotion"},{"floor":31,"key":"Swift Potion"},{"floor":39,"key":"BloodPotion"},{"floor":39,"key":"EntropicBrew"},{"floor":44,"key":"Regen Potion"},{"floor":46,"key":"EssenceOfSteel"},{"floor":47,"key":"PowerPotion"},{"floor":55,"key":"Block Potion"}],"is_trial":false,"path_per_floor":["M","M","?","M","M","R","M","M","T","E","M","E","?","E","R","B",null,"M","$","?","M","?","E","M","M","T","M","E","R","M","E","R","B",null,"M","$","M","M","?","E","M","M","T","E","R","M","M","E","R","B","B",null,"R","$","E","B",null],"character_chosen":"IRONCLAD","items_purchased":["Letter Opener","Feel No Pain","True Grit+1","Bag of Preparation"],"campfire_rested":0,"item_purchase_floors":[19,36,36,54],"current_hp_per_floor":[67,68,68,68,68,68,68,68,68,62,68,62,62,63,63,35,60,59,59,59,65,65,68,74,59,59,65,60,60,66,72,72,78,78,78,78,78,67,78,78,78,78,78,78,78,78,78,73,73,78,78,78,78,78,54,60],"gold":48,"neow_bonus":"ONE_RARE_RELIC","is_prod":false,"is_daily":false,"chose_seed":false,"campfire_upgraded":6,"win_rate":0,"timestamp":1619674018,"path_taken":["M","M","?","M","M","R","?","M","T","E","M","E","?","E","R","BOSS","M","$","?","M","?","E","M","M","T","M","E","R","?","E","R","BOSS","M","$","M","M","?","E","M","?","T","E","R","?","M","E","R","BOSS","BOSS","R","$","E","BOSS"],"build_version":"2020-12-22","purchased_purges":2,"victory":true,"max_hp_per_floor":[68,68,68,68,68,68,68,68,68,68,68,68,68,68,68,68,68,68,68,68,68,68,78,78,78,78,78,78,78,78,78,78,78,78,78,78,78,78,78,78,78,78,78,78,78,78,78,78,78,78,78,78,78,78,78,78],"card_choices":[{"not_picked":["Reckless Charge","Anger"],"picked":"True Grit","floor":1},{"not_picked":["Clash","Rupture"],"picked":"Shrug It Off","floor":2},{"not_picked":["Pommel Strike","Sword Boomerang"],"picked":"Second Wind","floor":4},{"not_picked":["Clash","Rupture"],"picked":"Intimidate","floor":5},{"not_picked":["Clothesline","Anger"],"picked":"Pommel Strike","floor":7},{"not_picked":["Power Through","Sword Boomerang"],"picked":"Impervious","floor":8},{"not_picked":["Blood for Blood","Inflame"],"picked":"Feel No Pain","floor":10},{"not_picked":["Pommel Strike","Warcry","Clothesline"],"picked":"SKIP","floor":11},{"not_picked":["Wild Strike","Warcry","Exhume"],"picked":"SKIP","floor":12},{"not_picked":["Headbutt","Perfected Strike","Flex"],"picked":"SKIP","floor":14},{"not_picked":["Exhume","Brutality"],"picked":"Corruption","floor":16},{"not_picked":["Sword Boomerang","Infernal Blade","Blood for Blood"],"picked":"SKIP","floor":18},{"not_picked":["Twin Strike+1","Clothesline","Havoc"],"picked":"SKIP","floor":21},{"not_picked":["Armaments","Metallicize"],"picked":"Power Through+1","floor":23},{"not_picked":["Headbutt","Sentinel"],"picked":"Shockwave+1","floor":24},{"not_picked":["Iron Wave","Heavy Blade","Thunderclap"],"picked":"SKIP","floor":25},{"not_picked":["Headbutt","Reckless Charge"],"picked":"Infernal Blade+1","floor":27},{"not_picked":["Blood for Blood","Sever Soul"],"picked":"True Grit+1","floor":28},{"not_picked":["Thunderclap","Clothesline","Flex+1"],"picked":"SKIP","floor":30},{"not_picked":["Flex+1","Hemokinesis+1"],"picked":"Impervious+1","floor":31},{"not_picked":["Fiend Fire","Brutality"],"picked":"Barricade","floor":33},{"not_picked":["Wild Strike","Blood for Blood","Pommel Strike"],"picked":"SKIP","floor":35},{"not_picked":["Spot Weakness+1","Thunderclap","Warcry+1"],"picked":"SKIP","floor":37},{"not_picked":["Spot Weakness+1","Thunderclap"],"picked":"Warcry+1","floor":37},{"not_picked":["Iron Wave","True Grit+1"],"picked":"Body Slam+1","floor":38},{"not_picked":["Sword Boomerang+1","Ghostly Armor+1"],"picked":"Corruption","floor":40},{"not_picked":["Anger","Headbutt","Pommel Strike+1"],"picked":"SKIP","floor":41},{"not_picked":["Burning Pact+1","Combust"],"picked":"Body Slam","floor":42},{"not_picked":["Iron Wave+1","Limit Break+1"],"picked":"Armaments+1","floor":44},{"not_picked":["Clash","Searing Blow","Body Slam"],"picked":"SKIP","floor":46},{"not_picked":["Wild Strike","Flex+1","Havoc+1"],"picked":"SKIP","floor":47},{"not_picked":["Exhume+1","Shockwave+1","Havoc+1"],"picked":"SKIP","floor":48},{"not_picked":["Twin Strike","Berserk","Body Slam+1"],"picked":"SKIP","floor":55}],"player_experience":1469400,"relics_obtained":[{"floor":9,"key":"Potion Belt"},{"floor":10,"key":"Happy Flower"},{"floor":12,"key":"Vajra"},{"floor":14,"key":"Mercury Hourglass"},{"floor":23,"key":"Pear"},{"floor":26,"key":"Toxic Egg 2"},{"floor":28,"key":"FossilizedHelix"},{"floor":31,"key":"Blood Vial"},{"floor":40,"key":"Dead Branch"},{"floor":44,"key":"Self Forming Clay"},{"floor":48,"key":"Juzu Bracelet"},{"floor":55,"key":"Shuriken"}],"event_choices":[{"damage_healed":0,"gold_gain":0,"player_choice":"2 cards matched","damage_taken":0,"max_hp_gain":0,"max_hp_loss":0,"event_name":"Match and Keep!","floor":3,"gold_loss":0,"cards_obtained":["Juggernaut","Infernal Blade"]},{"damage_healed":0,"gold_gain":0,"player_choice":"Ignored","damage_taken":0,"max_hp_gain":0,"max_hp_loss":0,"event_name":"Liars Game","floor":13,"gold_loss":0},{"damage_healed":0,"gold_gain":0,"player_choice":"Read","damage_taken":0,"max_hp_gain":0,"max_hp_loss":0,"event_name":"The Library","floor":20,"gold_loss":0,"cards_obtained":["Dark Embrace"]},{"damage_healed":0,"gold_gain":0,"player_choice":"Copied","damage_taken":0,"max_hp_gain":0,"max_hp_loss":0,"event_name":"Duplicator","floor":22,"gold_loss":0,"cards_obtained":["Feel No Pain"]},{"damage_healed":0,"gold_gain":0,"player_choice":"Bought 3 Potions","damage_taken":0,"max_hp_gain":0,"max_hp_loss":0,"event_name":"The Woman in Blue","floor":39,"gold_loss":0}],"is_beta":false,"boss_relics":[{"not_picked":["Runic Cube","Fusion Hammer"],"picked":"SacredBark"},{"not_picked":["Astrolabe","Black Star"],"picked":"Runic Pyramid"}],"items_purged_floors":[19,36],"is_endless":false,"potions_floor_spawned":[1,5,10,11,16,21,23,28,31,33,35,40,44,46,47,48,55],"ascension_level":20}