{"gold_per_floor":[112,128,203,22,35,67,84,99,99,99,99],"floor_reached":11,"playtime":4229,"items_purged":[],"score":150,"play_id":"b6ce965d-81c6-47f0-a4ec-647ffe785bf8","local_time":"20210430204723","is_ascension_mode":true,"campfire_choices":[],"neow_cost":"TEN_PERCENT_HP_LOSS","seed_source_timestamp":2083670425934100,"circlet_count":0,"master_deck":["AscendersBane","Strike_R","Strike_R","Strike_R","Strike_R","Strike_R","Defend_R","Defend_R","Defend_R","Defend_R+1","Bash","Reaper","Feel No Pain","Feel No Pain","Spot Weakness+1","Bloodletting","Pommel Strike","True Grit","Reckless Charge"],"relics":["Burning Blood","Membership Card","Bag of Preparation","Mercury Hourglass"],"potions_floor_usage":[],"damage_taken":[{"damage":2,"enemies":"2 Louse","floor":1,"turns":4},{"damage":16,"enemies":"Jaw Worm","floor":2,"turns":4},{"damage":11,"enemies":"Cultist","floor":5,"turns":4},{"damage":23,"enemies":"3 Sentries","floor":6,"turns":14},{"damage":39,"enemies":"Gremlin Gang","floor":7,"turns":10},{"damage":22,"enemies":"Blue Slaver","floor":8,"turns":4}],"seed_played":"-8152953612087967596","potions_obtained":[{"floor":6,"key":"ColorlessPotion"},{"floor":8,"key":"Explosive Potion"}],"is_trial":false,"path_per_floor":["M","M","?","$","M","E","M","M","T","?","?"],"character_chosen":"IRONCLAD","items_purchased":["Membership Card","Spot Weakness"],"campfire_rested":0,"item_purchase_floors":[4,4],"current_hp_per_floor":[68,58,47,47,46,43,36,26,26,6,0],"gold":99,"neow_bonus":"THREE_RARE_CARDS","is_prod":false,"is_daily":false,"chose_seed":false,"campfire_upgraded":0,"win_rate":0,"timestamp":1619833643,"path_taken":["M","M","?","$","M","E","M","M","T","?","?"],"build_version":"2020-12-22","purchased_purges":0,"victory":false,"max_hp_per_floor":[68,68,68,68,68,68,68,68,68,68,68],"card_choices":[{"not_picked":["Barricade","Bludgeon"],"picked":"Reaper","floor":0},{"not_picked":["Flex","Reckless Charge"],"picked":"Feel No Pain","floor":1},{"not_picked":["Armaments","Rage"],"picked":"Feel No Pain","floor":2},{"not_picked":["Uppercut","Wild Strike"],"picked":"Bloodletting","floor":5},{"not_picked":["Heavy Blade","Rampage"],"picked":"Pommel Strike","floor":6},{"not_picked":["Fire Breathing","Metallicize"],"picked":"True Grit","floor":7},{"not_picked":["Limit Break","Pommel Strike"],"picked":"Reckless Charge","floor":8}],"player_experience":1491354,"relics_obtained":[{"floor":6,"key":"Bag of Preparation"},{"floor":9,"key":"Mercury Hourglass"}],"event_choices":[{"damage_healed":0,"gold_gain":75,"player_choice":"Gather Gold","damage_taken":11,"max_hp_gain":0,"max_hp_loss":0,"event_name":"World of Goop","floor":3,"gold_loss":0},{"damage_healed":0,"gold_gain":0,"player_choice":"Entered Light","damage_taken":20,"max_hp_gain":0,"max_hp_loss":0,"event_name":"Shining Light","floor":10,"gold_loss":0,"cards_upgraded":["Spot Weakness","Defend_R"]}],"is_beta":false,"boss_relics":[],"items_purged_floors":[],"is_endless":false,"potions_floor_spawned":[6,8],"ascension_level":20}