{"gold_per_floor":[115,115,128,53,71,71,106,106,130,77,127,170,193,233,233,233],"floor_reached":16,"playtime":621,"items_purged":["Strike_R"],"score":286,"play_id":"13348043-8043-4cc7-8d87-e6011afdb613","local_time":"20210501163831","is_ascension_mode":true,"campfire_choices":[{"data":"Carnage","floor":6.0,"key":"SMITH"},{"data":"Strike_R","floor":8.0,"key":"PURGE"},{"data":"Immolate","floor":15,"key":"SMITH"}],"neow_cost":"TEN_PERCENT_HP_LOSS","seed_source_timestamp":2158730251916099,"circlet_count":0,"master_deck":["AscendersBane","Strike_R","Strike_R","Strike_R","Defend_R","Defend_R","Defend_R","Defend_R","Bash","Carnage+1","Rage","Disarm","Feed","Immolate+1"],"special_seed":0,"relics":["Burning Blood","Peace Pipe","Golden Idol","MealTicket","Lantern","Lizard Tail","Smiling Mask"],"potions_floor_usage":[12,13],"damage_taken":[{"damage":7.0,"enemies":"2 Louse","floor":1.0,"turns":3.0},{"damage":0.0,"enemies":"Cultist","floor":3.0,"turns":2.0},{"damage":19.0,"enemies":"Jaw Worm","floor":5.0,"turns":4.0},{"damage":40.0,"enemies":"3 Sentries","floor":7.0,"turns":7.0},{"damage":0,"enemies":"Gremlin Nob","floor":12,"turns":2},{"damage":0,"enemies":"Looter","floor":13,"turns":1},{"damage":44,"enemies":"3 Sentries","floor":14,"turns":10},{"damage":36,"enemies":"The Guardian","floor":16,"turns":4}],"seed_played":"3536156870984473958","potions_obtained":[{"floor":1.0,"key":"PowerPotion"},{"floor":7.0,"key":"DistilledChaos"},{"floor":14,"key":"Ancient Potion"}],"is_trial":false,"path_per_floor":["M","?","M","$","M","R","E","R","T","$","?","E","M","E","R","B"],"character_chosen":"IRONCLAD","items_purchased":["AttackPotion"],"campfire_rested":0,"item_purchase_floors":[10],"current_hp_per_floor":[67,62,62,62,49,49,15,15,15,30,24,30,39,38,38,2],"gold":233,"neow_bonus":"ONE_RARE_RELIC","is_prod":false,"is_daily":false,"chose_seed":false,"campfire_upgraded":2,"win_rate":0,"timestamp":1619905111,"path_taken":["M","?","M","$","M","R","E","R","T","$","?","E","?","E","R","BOSS"],"build_version":"2020-12-22","purchased_purges":1,"victory":false,"max_hp_per_floor":[68,62,62,62,62,62,62,62,62,62,62,62,65,65,65,65],"card_choices":[{"not_picked":["Blood for Blood","Thunderclap"],"picked":"Carnage","floor":1.0},{"not_picked":["Havoc","Heavy Blade","Second Wind"],"picked":"SKIP","floor":3.0},{"not_picked":["Anger","Evolve"],"picked":"Rage","floor":5.0},{"not_picked":["Sword Boomerang","Feel No Pain"],"picked":"Disarm","floor":7.0},{"not_picked":["Perfected Strike","Sword Boomerang"],"picked":"Feed","floor":12},{"not_picked":["Cleave","Warcry","Clash"],"picked":"SKIP","floor":13},{"not_picked":["Sever Soul","Bloodletting"],"picked":"Immolate","floor":14}],"player_experience":1505270,"relics_obtained":[{"floor":7.0,"key":"MealTicket"},{"floor":9.0,"key":"Lantern"},{"floor":12,"key":"Lizard Tail"},{"floor":14,"key":"Smiling Mask"}],"event_choices":[{"damage_healed":0.0,"max_hp_gain":0.0,"max_hp_loss":6.0,"gold_gain":0.0,"event_name":"Golden Idol","player_choice":"Lose Max HP","floor":2.0,"gold_loss":0.0,"damage_taken":0.0,"relics_obtained":["Golden Idol"]},{"damage_healed":0,"gold_gain":50,"player_choice":"Touch","damage_taken":6,"max_hp_gain":0,"max_hp_loss":0,"event_name":"FaceTrader","floor":11,"gold_loss":0}],"is_beta":false,"boss_relics":[],"items_purged_floors":[4],"is_endless":false,"potions_floor_spawned":[1,7,14],"killed_by":"The Guardian","ascension_level":20}