{"gold_per_floor":[368,328,342,4,18,52,52,64,64,64,92,116,116,128,128,199,199,212,212,212,230,7,41,41,41],"floor_reached":25,"playtime":1800,"items_purged":[],"score":558,"play_id":"f4485821-754c-45db-a169-64480358bb0c","local_time":"20210430192545","is_ascension_mode":true,"campfire_choices":[{"data":"Carnage","floor":7,"key":"SMITH"},{"data":"Reckless Charge","floor":13,"key":"SMITH"},{"data":"Shrug It Off","floor":15,"key":"SMITH"},{"data":"Corruption","floor":24,"key":"SMITH"}],"neow_cost":"PERCENT_DAMAGE","seed_source_timestamp":2081195101443600,"circlet_count":0,"master_deck":["AscendersBane","Strike_R","Strike_R","Strike_R+1","Strike_R","Defend_R","Defend_R","Defend_R","Defend_R","Bash+1","Carnage+1","Reckless Charge+1","Shrug It Off+1","Offering","Juggernaut","Violence","Shrug It Off","Corruption+1"],"relics":["Burning Blood","Whetstone","Red Skull","Mercury Hourglass","Eternal Feather","Ornamental Fan","Meat on the Bone","Toy Ornithopter","Black Star","MutagenicStrength","MealTicket","Dream Catcher"],"potions_floor_usage":[16,18,23,23],"damage_taken":[{"damage":7,"enemies":"Jaw Worm","floor":1,"turns":4},{"damage":7,"enemies":"Cultist","floor":3,"turns":4},{"damage":0,"enemies":"Small Slimes","floor":5,"turns":3},{"damage":35,"enemies":"Lagavulin","floor":6,"turns":5},{"damage":0,"enemies":"Exordium Wildlife","floor":8,"turns":2},{"damage":3,"enemies":"Gremlin Nob","floor":11,"turns":3},{"damage":0,"enemies":"Large Slime","floor":14,"turns":2},{"damage":0,"enemies":"Slime Boss","floor":16,"turns":4},{"damage":18,"enemies":"3 Byrds","floor":18,"turns":5},{"damage":20,"enemies":"2 Thieves","floor":21,"turns":3},{"damage":25,"enemies":"Slavers","floor":23,"turns":6},{"damage":46,"enemies":"Gremlin Leader","floor":25,"turns":4}],"seed_played":"-6429282811906315514","potions_obtained":[{"floor":2,"key":"LiquidMemories"},{"floor":2,"key":"LiquidMemories"},{"floor":18,"key":"EntropicBrew"}],"is_trial":false,"path_per_floor":["M","?","M","$","M","E","R","M","T","?","E","T","R","M","R","B",null,"M","?","?","M","$","E","R","E"],"character_chosen":"IRONCLAD","items_purchased":["Whetstone","Red Skull","Violence","Shrug It Off"],"campfire_rested":0,"item_purchase_floors":[4,4,22,22],"current_hp_per_floor":[49,49,48,48,54,25,25,31,31,31,34,34,40,46,52,63,72,65,65,65,51,51,54,63,17],"gold":41,"neow_bonus":"TWO_FIFTY_GOLD","is_prod":false,"is_daily":false,"chose_seed":false,"campfire_upgraded":4,"win_rate":0,"timestamp":1619828745,"path_taken":["M","?","M","$","M","E","R","?","T","?","E","?","R","M","R","BOSS","M","?","?","M","$","E","R","E"],"build_version":"2020-12-22","purchased_purges":0,"victory":false,"max_hp_per_floor":[75,75,75,75,75,75,75,75,75,75,75,75,75,75,75,75,75,75,75,75,75,75,75,75,75],"card_choices":[{"not_picked":["Anger","Rage"],"picked":"Carnage","floor":1},{"not_picked":["Sever Soul","Evolve"],"picked":"Reckless Charge","floor":3},{"not_picked":["Iron Wave","Cleave"],"picked":"Shrug It Off","floor":5},{"not_picked":["Seeing Red","Thunderclap","Rampage"],"picked":"SKIP","floor":6},{"not_picked":["Armaments","Warcry","Dropkick"],"picked":"SKIP","floor":8},{"not_picked":["Pommel Strike","Iron Wave","Entrench"],"picked":"SKIP","floor":11},{"not_picked":["Havoc","Twin Strike","Clash"],"picked":"SKIP","floor":14},{"not_picked":["Demon Form","Juggernaut"],"picked":"Offering","floor":16},{"not_picked":["Thunderclap","True Grit","Flex"],"picked":"SKIP","floor":18},{"not_picked":["True Grit","Havoc","Burning Pact"],"picked":"SKIP","floor":21},{"not_picked":["Perfected Strike","Clash"],"picked":"Corruption","floor":23}],"player_experience":1488927,"relics_obtained":[{"floor":6,"key":"Mercury Hourglass"},{"floor":9,"key":"Eternal Feather"},{"floor":11,"key":"Meat on the Bone"},{"floor":12,"key":"Toy Ornithopter"},{"floor":23,"key":"MealTicket"},{"floor":23,"key":"Dream Catcher"}],"event_choices":[{"damage_healed":0,"gold_gain":0,"player_choice":"Bought 3 Potions","damage_taken":0,"max_hp_gain":0,"max_hp_loss":0,"event_name":"The Woman in Blue","floor":2,"gold_loss":0},{"damage_healed":0,"gold_gain":0,"player_choice":"Searched \u00272\u0027 times","damage_taken":0,"relics_obtained":["Ornamental Fan"],"max_hp_gain":0,"max_hp_loss":0,"event_name":"Dead Adventurer","floor":10,"gold_loss":0},{"damage_healed":0,"gold_gain":0,"player_choice":"Inject Mutagens","damage_taken":0,"relics_obtained":["MutagenicStrength"],"max_hp_gain":0,"max_hp_loss":0,"event_name":"Drug Dealer","floor":19,"gold_loss":0},{"damage_healed":0,"gold_gain":0,"cards_transformed":["Strike_R"],"player_choice":"Transformed","damage_taken":0,"max_hp_gain":0,"max_hp_loss":0,"event_name":"Transmorgrifier","floor":20,"gold_loss":0,"cards_obtained":["Juggernaut"]}],"is_beta":false,"boss_relics":[{"not_picked":["Runic Cube","Empty Cage"],"picked":"Black Star"}],"items_purged_floors":[],"is_endless":false,"potions_floor_spawned":[3,11,14,18],"killed_by":"Gremlin Leader","ascension_level":20}