{"gold_per_floor":[110,129,145,224,8,8,38,52,77,103,119,119,130,130,130,202,202,220,239,252,252,23,48,48,73,100,110,110],"floor_reached":28,"playtime":1284,"items_purged":["Strike_R"],"score":715,"play_id":"9326b247-cc63-49dc-8adf-f0afa1836dcc","local_time":"20210512101545","is_ascension_mode":true,"campfire_choices":[{"data":"Bash","floor":6.0,"key":"SMITH"},{"data":"Combust","floor":12.0,"key":"SMITH"},{"data":"Wild Strike","floor":15.0,"key":"SMITH"}],"neow_cost":"NONE","seed_source_timestamp":0,"circlet_count":0,"master_deck":["AscendersBane","Defend_R","Defend_R+1","Defend_R+1","Defend_R","Bash+1","Wild Strike+1","Reckless Charge","Hemokinesis","Combust+1","Shrug It Off","Offering","Shrug It Off","RitualDagger","Shrug It Off","Heavy Blade","Bite","Bite","Bite","Bite","Bite","Burning Pact+1"],"special_seed":0,"relics":["Burning Blood","Bronze Scales","War Paint","Red Skull","Ancient Tea Set","Bottled Flame","Snecko Eye","Membership Card","Toy Ornithopter","Paper Frog"],"potions_floor_usage":[23,23,25,28],"damage_taken":[{"damage":7.0,"enemies":"Small Slimes","floor":1.0,"turns":5.0},{"damage":19.0,"enemies":"Jaw Worm","floor":2.0,"turns":4.0},{"damage":8.0,"enemies":"2 Louse","floor":3.0,"turns":2.0},{"damage":45.0,"enemies":"Lagavulin","floor":7.0,"turns":5.0},{"damage":0.0,"enemies":"2 Fungi Beasts","floor":8.0,"turns":3.0},{"damage":14.0,"enemies":"3 Sentries","floor":10.0,"turns":4.0},{"damage":0.0,"enemies":"Blue Slaver","floor":11.0,"turns":3.0},{"damage":5.0,"enemies":"Exordium Thugs","floor":13.0,"turns":3.0},{"damage":5.0,"enemies":"Slime Boss","floor":16.0,"turns":5.0},{"damage":14,"enemies":"Chosen","floor":18,"turns":3},{"damage":19,"enemies":"Shell Parasite","floor":19,"turns":2},{"damage":17,"enemies":"Snecko","floor":20,"turns":3},{"damage":21,"enemies":"Book of Stabbing","floor":23,"turns":3},{"damage":13,"enemies":"Gremlin Leader","floor":25,"turns":6},{"damage":22,"enemies":"Snake Plant","floor":27,"turns":2},{"damage":27,"enemies":"Book of Stabbing","floor":28,"turns":3}],"seed_played":"-88050082232944965","potions_obtained":[{"floor":7.0,"key":"Energy Potion"},{"floor":8.0,"key":"Block Potion"},{"floor":11.0,"key":"Strength Potion"},{"floor":13.0,"key":"EntropicBrew"}],"is_trial":false,"path_per_floor":["M","M","M","?","$","R","E","M","T","E","M","R","M","T","R","B",null,"M","M","M","?","$","E","?","E","T","M","E"],"character_chosen":"IRONCLAD","items_purchased":["Bronze Scales","SteroidPotion","Membership Card","Shrug It Off"],"campfire_rested":0,"item_purchase_floors":[5,5,22,22],"current_hp_per_floor":[74,61,59,59,59,59,20,26,26,18,24,24,25,25,25,26,68,60,47,36,30,30,15,15,27,27,15,0],"gold":110,"neow_bonus":"TEN_PERCENT_HP_BONUS","is_prod":false,"is_daily":false,"chose_seed":false,"campfire_upgraded":3,"win_rate":0,"timestamp":1620832545,"path_taken":["M","M","M","?","$","R","E","M","T","E","M","R","M","?","R","BOSS","M","M","M","?","$","E","?","E","T","M","E"],"build_version":"2020-12-22","purchased_purges":1,"victory":false,"max_hp_per_floor":[82,82,82,82,82,82,82,82,82,82,82,82,82,82,82,82,82,82,82,82,82,82,82,57,57,57,57,57],"card_choices":[{"not_picked":["Sword Boomerang","Clothesline"],"picked":"Wild Strike","floor":1.0},{"not_picked":["Sever Soul","Havoc","Flex"],"picked":"SKIP","floor":2.0},{"not_picked":["Twin Strike","Searing Blow"],"picked":"Reckless Charge","floor":3.0},{"not_picked":["Sword Boomerang","Clash"],"picked":"Hemokinesis","floor":7.0},{"not_picked":["Clothesline","Rupture"],"picked":"Combust","floor":8.0},{"not_picked":["Dual Wield","Fire Breathing"],"picked":"Shrug It Off","floor":10.0},{"not_picked":["Dropkick","Heavy Blade","Flex"],"picked":"SKIP","floor":11.0},{"not_picked":["Dropkick","Clothesline","Thunderclap"],"picked":"SKIP","floor":13.0},{"not_picked":["Juggernaut","Brutality"],"picked":"Offering","floor":16.0},{"not_picked":["Cleave","Seeing Red","Bloodletting"],"picked":"SKIP","floor":18},{"not_picked":["Armaments","Dual Wield","Flex"],"picked":"SKIP","floor":19},{"not_picked":["Burning Pact","Armaments"],"picked":"Shrug It Off","floor":20},{"not_picked":["Bloodletting","Ghostly Armor"],"picked":"Heavy Blade","floor":23},{"not_picked":["Headbutt","Twin Strike","Hemokinesis"],"picked":"SKIP","floor":25},{"not_picked":["Iron Wave","Body Slam"],"picked":"Burning Pact+1","floor":27}],"player_experience":1543745,"relics_obtained":[{"floor":7.0,"key":"War Paint"},{"floor":9.0,"key":"Red Skull"},{"floor":10.0,"key":"Ancient Tea Set"},{"floor":14.0,"key":"Bottled Flame"},{"floor":23,"key":"Toy Ornithopter"},{"floor":25,"key":"Paper Frog"}],"event_choices":[{"damage_healed":0.0,"max_hp_gain":0.0,"max_hp_loss":0.0,"gold_gain":79.0,"event_name":"Golden Wing","player_choice":"Gained Gold","floor":4.0,"gold_loss":0.0,"damage_taken":0.0},{"damage_healed":0,"gold_gain":0,"player_choice":"Joined the Cult","damage_taken":6,"max_hp_gain":0,"max_hp_loss":0,"event_name":"Nest","floor":21,"gold_loss":0,"cards_obtained":["RitualDagger"]},{"damage_healed":0,"gold_gain":0,"player_choice":"Became a vampire","damage_taken":0,"max_hp_gain":0,"max_hp_loss":25,"event_name":"Vampires","floor":24,"gold_loss":0,"cards_obtained":["Bite","Bite","Bite","Bite","Bite"]}],"is_beta":false,"boss_relics":[{"not_picked":["Empty Cage","Busted Crown"],"picked":"Snecko Eye"}],"items_purged_floors":[22],"is_endless":false,"potions_floor_spawned":[7,8,11,13,16,18,19,20],"killed_by":"Book of Stabbing","ascension_level":20}