{"gold_per_floor":[116,62,72,72,72,72,147,186,186,204,129,145,180,204,204,204],"floor_reached":16,"playtime":644,"items_purged":["Regret"],"score":270,"play_id":"9ea5f788-5736-43ea-8239-e8249aeccee6","local_time":"20210508133602","is_ascension_mode":true,"campfire_choices":[{"data":"Whirlwind","floor":6,"key":"SMITH"},{"data":"Shockwave","floor":15,"key":"SMITH"}],"neow_cost":"NONE","seed_source_timestamp":2752583972060400,"circlet_count":0,"master_deck":["AscendersBane","Strike_R","Strike_R","Strike_R","Strike_R","Strike_R","Defend_R","Defend_R","Defend_R","Defend_R","Bash","Whirlwind+1","Shrug It Off","Shockwave+1","Spot Weakness","Armaments","Corruption","Seeing Red"],"relics":["Burning Blood","NeowsBlessing","Orichalcum","Golden Idol","Bronze Scales","Centennial Puzzle","InkBottle"],"potions_floor_usage":[13,16],"damage_taken":[{"damage":0,"enemies":"Jaw Worm","floor":1,"turns":1},{"damage":0,"enemies":"2 Louse","floor":3,"turns":1},{"damage":3,"enemies":"3 Sentries","floor":8,"turns":2},{"damage":3,"enemies":"Small Slimes","floor":10,"turns":3},{"damage":2,"enemies":"2 Fungi Beasts","floor":12,"turns":2},{"damage":19,"enemies":"Lagavulin","floor":13,"turns":8},{"damage":0,"enemies":"Looter","floor":14,"turns":3},{"damage":41,"enemies":"The Guardian","floor":16,"turns":11}],"seed_played":"-5847908239824512367","potions_obtained":[{"floor":1,"key":"LiquidBronze"},{"floor":10,"key":"GamblersBrew"},{"floor":12,"key":"Block Potion"}],"is_trial":false,"path_per_floor":["M","$","M","?","?","R","?","E","T","M","$","M","E","M","R","B"],"character_chosen":"IRONCLAD","items_purchased":["Shrug It Off"],"campfire_rested":0,"item_purchase_floors":[2],"current_hp_per_floor":[74,74,75,75,49,49,38,41,41,44,44,48,35,41,41,0],"gold":204,"neow_bonus":"THREE_ENEMY_KILL","is_prod":false,"is_daily":false,"chose_seed":false,"campfire_upgraded":2,"win_rate":0,"timestamp":1620498962,"path_taken":["M","$","M","?","?","R","?","E","T","M","$","M","E","M","R","BOSS"],"build_version":"2020-12-22","purchased_purges":1,"victory":false,"max_hp_per_floor":[75,75,75,75,75,75,75,75,75,75,75,75,75,75,75,75],"card_choices":[{"not_picked":["Armaments","True Grit"],"picked":"Whirlwind","floor":1},{"not_picked":["Clothesline","Pommel Strike"],"picked":"Shockwave","floor":3},{"not_picked":["Burning Pact","Exhume","Intimidate"],"picked":"SKIP","floor":8},{"not_picked":["Headbutt","Searing Blow"],"picked":"Spot Weakness","floor":10},{"not_picked":["Perfected Strike","Evolve"],"picked":"Armaments","floor":12},{"not_picked":["Heavy Blade","Power Through"],"picked":"Corruption","floor":13},{"not_picked":["Clothesline","Cleave"],"picked":"Seeing Red","floor":14}],"player_experience":1541962,"relics_obtained":[{"floor":8,"key":"Bronze Scales"},{"floor":9,"key":"Centennial Puzzle"},{"floor":13,"key":"InkBottle"}],"event_choices":[{"damage_healed":0,"gold_gain":0,"player_choice":"Box","damage_taken":0,"relics_obtained":["Orichalcum"],"max_hp_gain":0,"max_hp_loss":0,"event_name":"Big Fish","floor":4,"gold_loss":0,"cards_obtained":["Regret"]},{"damage_healed":0,"gold_gain":0,"player_choice":"Take Damage","damage_taken":26,"relics_obtained":["Golden Idol"],"max_hp_gain":0,"max_hp_loss":0,"event_name":"Golden Idol","floor":5,"gold_loss":0},{"damage_healed":0,"gold_gain":75,"player_choice":"Gather Gold","damage_taken":11,"max_hp_gain":0,"max_hp_loss":0,"event_name":"World of Goop","floor":7,"gold_loss":0}],"is_beta":false,"boss_relics":[],"items_purged_floors":[11],"is_endless":false,"potions_floor_spawned":[1,10,12],"killed_by":"The Guardian","ascension_level":20}