{"gold_per_floor":[115,135,146,146,163,163,175,175,202,220,253,266,292,309,309,386,386,406,406,419,433,448,476,476,496,496,509,541,456,487,537,537,537],"floor_reached":33,"playtime":1944,"items_purged":[],"score":746,"play_id":"1b15d98d-0f13-401b-bc16-fd875236bd2f","local_time":"20210505131108","is_ascension_mode":true,"campfire_choices":[{"data":"Blood for Blood","floor":6.0,"key":"SMITH"},{"data":"Hemokinesis","floor":8.0,"key":"SMITH"},{"data":"Disarm","floor":15.0,"key":"SMITH"},{"data":"Combust","floor":24.0,"key":"SMITH"},{"data":"Bash","floor":32,"key":"SMITH"}],"neow_cost":"NONE","seed_source_timestamp":2490568388027400,"circlet_count":0,"master_deck":["AscendersBane","Strike_R","Strike_R","Strike_R","Defend_R","Defend_R","Defend_R","Defend_R","Bash+1","Cleave","Hemokinesis+1","Blood for Blood+1","Shrug It Off","Disarm+1","Combust+1","Ghostly Armor","Reaper","Reaper","Burning Pact","Clothesline","Armaments+1","Shrug It Off"],"special_seed":0,"relics":["Burning Blood","Toy Ornithopter","Pen Nib","Happy Flower","Smiling Mask","Cursed Key","Pear","Eternal Feather","StrikeDummy","Prayer Wheel"],"potions_floor_usage":[28,30],"damage_taken":[{"damage":1.0,"enemies":"Cultist","floor":1.0,"turns":3.0},{"damage":7.0,"enemies":"Small Slimes","floor":2.0,"turns":3.0},{"damage":7.0,"enemies":"Jaw Worm","floor":3.0,"turns":3.0},{"damage":20.0,"enemies":"Large Slime","floor":5.0,"turns":5.0},{"damage":6.0,"enemies":"Gremlin Gang","floor":7.0,"turns":3.0},{"damage":3.0,"enemies":"2 Fungi Beasts","floor":10.0,"turns":2.0},{"damage":17.0,"enemies":"3 Sentries","floor":11.0,"turns":4.0},{"damage":3.0,"enemies":"Looter","floor":12.0,"turns":2.0},{"damage":23.0,"enemies":"Lagavulin","floor":13.0,"turns":7.0},{"damage":5.0,"enemies":"Blue Slaver","floor":14.0,"turns":4.0},{"damage":7.0,"enemies":"Slime Boss","floor":16.0,"turns":6.0},{"damage":2.0,"enemies":"Chosen","floor":18.0,"turns":5.0},{"damage":32.0,"enemies":"3 Byrds","floor":20.0,"turns":4.0},{"damage":28.0,"enemies":"3 Cultists","floor":21.0,"turns":5.0},{"damage":33.0,"enemies":"Shelled Parasite and Fungi","floor":22.0,"turns":6.0},{"damage":45.0,"enemies":"Slavers","floor":23.0,"turns":4.0},{"damage":13.0,"enemies":"Centurion and Healer","floor":25.0,"turns":6.0},{"damage":11,"enemies":"Snake Plant","floor":27,"turns":5},{"damage":43,"enemies":"Book of Stabbing","floor":28,"turns":7},{"damage":48,"enemies":"Slavers","floor":30,"turns":4},{"damage":50,"enemies":"Champ","floor":33,"turns":9}],"seed_played":"7836512718964410646","potions_obtained":[{"floor":3.0,"key":"SkillPotion"},{"floor":5.0,"key":"ColorlessPotion"},{"floor":12.0,"key":"Weak Potion"},{"floor":14.0,"key":"DistilledChaos"},{"floor":16.0,"key":"GamblersBrew"},{"floor":20.0,"key":"SkillPotion"},{"floor":21.0,"key":"ElixirPotion"},{"floor":22.0,"key":"SteroidPotion"},{"floor":25.0,"key":"Weak Potion"},{"floor":27,"key":"EssenceOfSteel"}],"is_trial":false,"path_per_floor":["M","M","M","?","M","R","M","R","T","M","E","M","E","M","R","B",null,"M","?","M","M","M","E","R","M","T","M","E","?","E","?","R","B"],"character_chosen":"IRONCLAD","items_purchased":[],"campfire_rested":0,"item_purchase_floors":[],"current_hp_per_floor":[73,72,71,71,57,57,62,62,62,65,54,57,45,46,46,56,70,75,75,55,58,35,54,54,64,64,63,45,45,44,44,56,18],"gold":537,"neow_bonus":"RANDOM_COMMON_RELIC","is_prod":false,"is_daily":false,"chose_seed":false,"campfire_upgraded":5,"win_rate":0,"timestamp":1620238268,"path_taken":["M","M","M","?","?","R","M","R","T","M","E","M","E","M","R","BOSS","M","?","M","M","M","E","R","?","T","M","E","?","E","?","R","BOSS"],"build_version":"2020-12-22","purchased_purges":0,"victory":false,"max_hp_per_floor":[75,75,75,75,75,75,75,75,75,75,75,75,75,75,75,75,75,75,75,75,75,75,85,85,85,85,85,85,85,85,85,85,85],"card_choices":[{"not_picked":["Entrench","Evolve"],"picked":"Cleave","floor":1.0},{"not_picked":["Clothesline","Flame Barrier"],"picked":"Hemokinesis","floor":2.0},{"not_picked":["Reckless Charge","Shrug It Off"],"picked":"Blood for Blood","floor":3.0},{"not_picked":["Ghostly Armor","Dropkick"],"picked":"Shrug It Off","floor":5.0},{"not_picked":["Shrug It Off","Iron Wave"],"picked":"Disarm","floor":7.0},{"not_picked":["Burning Pact","Havoc"],"picked":"Combust","floor":10.0},{"not_picked":["Armaments","Entrench"],"picked":"Ghostly Armor","floor":11.0},{"not_picked":["Perfected Strike","Armaments","Second Wind"],"picked":"SKIP","floor":12.0},{"not_picked":["Heavy Blade","Body Slam","Entrench"],"picked":"SKIP","floor":13.0},{"not_picked":["Armaments","Perfected Strike"],"picked":"Reaper","floor":14.0},{"not_picked":["Berserk","Exhume"],"picked":"Reaper","floor":16.0},{"not_picked":["Warcry","Power Through"],"picked":"Burning Pact","floor":18.0},{"not_picked":["Rupture","Intimidate"],"picked":"Clothesline","floor":20.0},{"not_picked":["Pummel+1","Warcry","Evolve"],"picked":"SKIP","floor":21.0},{"not_picked":["Thunderclap","Wild Strike"],"picked":"Armaments+1","floor":22.0},{"not_picked":["Clothesline","Havoc","Body Slam+1"],"picked":"SKIP","floor":23.0},{"not_picked":["Exhume","Dark Embrace+1","Warcry"],"picked":"SKIP","floor":25.0},{"not_picked":["Thunderclap","Infernal Blade","Armaments"],"picked":"SKIP","floor":27},{"not_picked":["Exhume","Ghostly Armor","Combust"],"picked":"SKIP","floor":28},{"not_picked":["Metallicize","Power Through"],"picked":"Shrug It Off","floor":30}],"player_experience":1537287,"relics_obtained":[{"floor":9.0,"key":"Pen Nib"},{"floor":11.0,"key":"Happy Flower"},{"floor":13.0,"key":"Smiling Mask"},{"floor":23.0,"key":"Pear"},{"floor":28,"key":"Eternal Feather"},{"floor":30,"key":"Prayer Wheel"}],"event_choices":[{"cards_removed":["Strike_R"],"damage_healed":0.0,"max_hp_gain":0.0,"max_hp_loss":0.0,"gold_gain":0.0,"event_name":"Wheel of Change","player_choice":"Card Removal","floor":4.0,"gold_loss":0.0,"damage_taken":0.0},{"cards_removed":["Strike_R"],"damage_healed":0.0,"max_hp_gain":0.0,"max_hp_loss":0.0,"gold_gain":0.0,"event_name":"Wheel of Change","player_choice":"Card Removal","floor":19.0,"gold_loss":0.0,"damage_taken":0.0},{"damage_healed":0,"gold_gain":0,"player_choice":"Obtained Relic","damage_taken":0,"relics_obtained":["StrikeDummy"],"max_hp_gain":0,"max_hp_loss":0,"event_name":"Addict","floor":29,"gold_loss":85},{"damage_healed":0,"gold_gain":50,"player_choice":"Pray","damage_taken":0,"max_hp_gain":0,"max_hp_loss":0,"event_name":"Golden Shrine","floor":31,"gold_loss":0}],"is_beta":false,"boss_relics":[{"not_picked":["Busted Crown","Philosopher\u0027s Stone"],"picked":"Cursed Key"}],"items_purged_floors":[],"is_endless":false,"potions_floor_spawned":[3,5,12,14,16,20,21,22,25,27],"killed_by":"Champ","ascension_level":20}