{"gold_per_floor":[117,42,60,60,60,94,94,108,131,147,222,237,267,22,22,98,98,110,110,110,25,42,42,60,89,115,115,143,157,8,26,26,100,100,113,125,150,0,0,0,28,39,62,74,108,108,142,154,154,154,154,154,154,73,98,98],"floor_reached":56,"playtime":2542,"items_purged":["Strike_R"],"score":2120,"play_id":"4f99cc6a-a6c7-419d-9894-1353b81304df","local_time":"20210503161525","is_ascension_mode":true,"campfire_choices":[{"data":"Fiend Fire","floor":7.0,"key":"SMITH"},{"data":"1","floor":15.0,"key":"LIFT"},{"data":"2","floor":23.0,"key":"LIFT"},{"data":"3","floor":27.0,"key":"LIFT"},{"data":"Heavy Blade","floor":32.0,"key":"SMITH"},{"data":"Rupture","floor":40.0,"key":"SMITH"},{"data":"Spot Weakness","floor":46.0,"key":"SMITH"},{"floor":49.0,"key":"RECALL"},{"data":"Impervious","floor":53.0,"key":"SMITH"}],"neow_cost":"NONE","seed_source_timestamp":2328148636867500,"circlet_count":0,"master_deck":["AscendersBane","Strike_R","Defend_R","Defend_R+1","Defend_R","Defend_R","Bash+1","Spot Weakness+1","Twin Strike","Fiend Fire+1","Blood for Blood","Combust","Hemokinesis","Shrug It Off","Reaper","Rupture+1","Brutality","Blood for Blood","Heavy Blade+1","Impervious+1","Reaper","Shrug It Off+1","Mind Blast","Pommel Strike+1","Armaments+1","Clothesline+1","Flame Barrier"],"special_seed":0,"relics":["Burning Blood","NeowsBlessing","Blood Vial","Bag of Marbles","Girya","Snecko Eye","Lantern","Pen Nib","Turnip","Coffee Dripper","Pocketwatch","Red Mask","FossilizedHelix","Pantograph","Letter Opener","Unceasing Top"],"potions_floor_usage":[56,56],"damage_taken":[{"damage":0.0,"enemies":"Jaw Worm","floor":1.0,"turns":1.0},{"damage":0.0,"enemies":"Small Slimes","floor":3.0,"turns":1.0},{"damage":0.0,"enemies":"Lagavulin","floor":6.0,"turns":1.0},{"damage":1.0,"enemies":"Cultist","floor":8.0,"turns":3.0},{"damage":2.0,"enemies":"3 Louse","floor":10.0,"turns":3.0},{"damage":0.0,"enemies":"Looter","floor":12.0,"turns":1.0},{"damage":10.0,"enemies":"Gremlin Nob","floor":13.0,"turns":3.0},{"damage":36.0,"enemies":"The Guardian","floor":16.0,"turns":7.0},{"damage":1.0,"enemies":"Spheric Guardian","floor":18.0,"turns":2.0},{"damage":10.0,"enemies":"3 Byrds","floor":22.0,"turns":3.0},{"damage":17.0,"enemies":"Sentry and Sphere","floor":24.0,"turns":3.0},{"damage":14.0,"enemies":"Book of Stabbing","floor":25.0,"turns":2.0},{"damage":3.0,"enemies":"Gremlin Leader","floor":28.0,"turns":3.0},{"damage":0.0,"enemies":"Shelled Parasite and Fungi","floor":29.0,"turns":2.0},{"damage":11.0,"enemies":"Centurion and Healer","floor":31.0,"turns":3.0},{"damage":39.0,"enemies":"Champ","floor":33.0,"turns":6.0},{"damage":2.0,"enemies":"Orb Walker","floor":35.0,"turns":1.0},{"damage":5.0,"enemies":"3 Darklings","floor":36.0,"turns":3.0},{"damage":2.0,"enemies":"Mind Bloom Boss Battle","floor":37.0,"turns":3.0},{"damage":36.0,"enemies":"Giant Head","floor":41.0,"turns":5.0},{"damage":18.0,"enemies":"Writhing Mass","floor":42.0,"turns":3.0},{"damage":13.0,"enemies":"4 Shapes","floor":44.0,"turns":5.0},{"damage":10.0,"enemies":"Nemesis","floor":45.0,"turns":3.0},{"damage":0.0,"enemies":"Reptomancer","floor":47.0,"turns":2.0},{"damage":18.0,"enemies":"Spire Growth","floor":48.0,"turns":3.0},{"damage":37.0,"enemies":"Donu and Deca","floor":50.0,"turns":7.0},{"damage":30.0,"enemies":"Awakened One","floor":51.0,"turns":6.0},{"damage":60.0,"enemies":"Shield and Spear","floor":55.0,"turns":6.0},{"damage":88,"enemies":"The Heart","floor":56,"turns":8}],"seed_played":"-601107051444612190","potions_obtained":[{"floor":1.0,"key":"DuplicationPotion"},{"floor":3.0,"key":"Fruit Juice"},{"floor":12.0,"key":"SkillPotion"},{"floor":24.0,"key":"Weak Potion"},{"floor":37.0,"key":"Strength Potion"},{"floor":44.0,"key":"ColorlessPotion"},{"floor":47.0,"key":"PowerPotion"}],"is_trial":false,"path_per_floor":["M","?","M","?","?","E","R","M","T","M","?","M","E","$","R","B",null,"M","?","?","$","M","R","M","E","T","R","E","M","$","M","R","B",null,"M","M","?","?","?","R","E","M","T","M","E","R","E","M","R","B","B",null,"R","$","E","B"],"character_chosen":"IRONCLAD","items_purchased":["Reaper","Rupture","Blood for Blood","Impervious","Flame Barrier"],"campfire_rested":0,"item_purchase_floors":[14,14,21,30,54],"current_hp_per_floor":[74,74,75,52,52,58,58,65,65,71,60,73,71,71,71,57,74,80,80,80,80,76,76,69,63,63,63,80,80,80,80,80,66,77,80,80,80,80,70,70,64,62,62,79,80,80,80,79,79,61,76,79,79,79,46,16],"gold":98,"neow_bonus":"THREE_ENEMY_KILL","is_prod":false,"is_daily":false,"chose_seed":false,"campfire_upgraded":5,"win_rate":0,"timestamp":1620076525,"path_taken":["M","?","M","?","?","E","R","M","T","M","?","M","E","$","R","BOSS","M","?","?","$","M","R","M","E","T","R","E","M","$","?","R","BOSS","M","M","?","?","?","R","E","?","T","M","E","R","E","M","R","BOSS","BOSS","R","$","E","BOSS"],"build_version":"2020-12-22","purchased_purges":1,"victory":false,"max_hp_per_floor":[75,75,75,75,75,75,75,75,75,75,75,80,80,80,80,80,80,80,80,80,80,80,80,80,80,80,80,80,80,80,80,80,80,80,80,80,80,80,80,80,80,80,80,80,80,80,80,80,80,80,80,80,80,80,80,80],"card_choices":[{"not_picked":["Flex","Twin Strike"],"picked":"Spot Weakness","floor":1.0},{"not_picked":["Perfected Strike","Flex"],"picked":"Twin Strike","floor":3.0},{"not_picked":["Dropkick","Rage"],"picked":"Blood for Blood","floor":6.0},{"not_picked":["Perfected Strike","Clothesline"],"picked":"Combust","floor":8.0},{"not_picked":["Warcry","Anger"],"picked":"Hemokinesis","floor":10.0},{"not_picked":["True Grit","Body Slam","Dual Wield"],"picked":"SKIP","floor":12.0},{"not_picked":["Sword Boomerang","Thunderclap"],"picked":"Shrug It Off","floor":13.0},{"not_picked":["Bludgeon","Double Tap"],"picked":"Brutality","floor":16.0},{"not_picked":["Headbutt","Wild Strike","Perfected Strike"],"picked":"SKIP","floor":18.0},{"not_picked":["Metallicize","Perfected Strike+1","Sword Boomerang"],"picked":"SKIP","floor":22.0},{"not_picked":["Pummel","Headbutt+1"],"picked":"Heavy Blade","floor":24.0},{"not_picked":["Feed","Searing Blow","Exhume"],"picked":"SKIP","floor":25.0},{"not_picked":["Inflame","Clash","Anger"],"picked":"SKIP","floor":28.0},{"not_picked":["Fire Breathing","Havoc","Warcry"],"picked":"SKIP","floor":29.0},{"not_picked":["Havoc+1","Searing Blow","Dropkick"],"picked":"SKIP","floor":31.0},{"not_picked":["Demon Form","Fiend Fire"],"picked":"Reaper","floor":33.0},{"not_picked":["Perfected Strike","Twin Strike","Rupture"],"picked":"SKIP","floor":35.0},{"not_picked":["Fire Breathing+1","Cleave","Anger"],"picked":"SKIP","floor":36.0},{"not_picked":["Battle Trance","Perfected Strike"],"picked":"Shrug It Off+1","floor":37.0},{"not_picked":["Bandage Up","Secret Weapon"],"picked":"Mind Blast","floor":39.0},{"not_picked":["True Grit","Reckless Charge+1","Flex"],"picked":"SKIP","floor":41.0},{"not_picked":["Clash","Body Slam","Uppercut"],"picked":"SKIP","floor":42.0},{"not_picked":["Rampage+1","Uppercut"],"picked":"Pommel Strike+1","floor":44.0},{"not_picked":["Blood for Blood","Entrench"],"picked":"Armaments+1","floor":45.0},{"not_picked":["Burning Pact","Dropkick","Sever Soul"],"picked":"SKIP","floor":47.0},{"not_picked":["Iron Wave","Intimidate"],"picked":"Clothesline+1","floor":48.0},{"not_picked":["Armaments","Fire Breathing","Searing Blow"],"picked":"SKIP","floor":55.0}],"player_experience":1520719,"relics_obtained":[{"floor":6.0,"key":"Blood Vial"},{"floor":9.0,"key":"Bag of Marbles"},{"floor":13.0,"key":"Girya"},{"floor":25.0,"key":"Lantern"},{"floor":26.0,"key":"Pen Nib"},{"floor":28.0,"key":"Turnip"},{"floor":37.0,"key":"Pocketwatch"},{"floor":41.0,"key":"FossilizedHelix"},{"floor":45.0,"key":"Pantograph"},{"floor":47.0,"key":"Letter Opener"},{"floor":55.0,"key":"Unceasing Top"}],"event_choices":[{"cards_removed":["Strike_R"],"damage_healed":0.0,"max_hp_gain":0.0,"max_hp_loss":0.0,"gold_gain":0.0,"event_name":"The Cleric","player_choice":"Card Removal","floor":2.0,"gold_loss":75.0,"damage_taken":0.0},{"damage_healed":0.0,"max_hp_gain":0.0,"max_hp_loss":0.0,"gold_gain":0.0,"event_name":"Shining Light","player_choice":"Entered Light","floor":4.0,"gold_loss":0.0,"damage_taken":23.0,"cards_upgraded":["Defend_R","Bash"]},{"damage_healed":0.0,"max_hp_gain":0.0,"max_hp_loss":0.0,"gold_gain":0.0,"cards_transformed":["Strike_R"],"event_name":"Living Wall","player_choice":"Change","floor":5.0,"gold_loss":0.0,"damage_taken":0.0,"cards_obtained":["Fiend Fire"]},{"damage_healed":0.0,"max_hp_gain":0.0,"max_hp_loss":0.0,"gold_gain":75.0,"event_name":"World of Goop","player_choice":"Gather Gold","floor":11.0,"gold_loss":0.0,"damage_taken":11.0},{"damage_healed":0.0,"max_hp_gain":0.0,"max_hp_loss":0.0,"gold_gain":0.0,"event_name":"Ghosts","player_choice":"Ignored","floor":19.0,"gold_loss":0.0,"damage_taken":0.0},{"cards_removed":["Strike_R"],"damage_healed":0.0,"max_hp_gain":0.0,"max_hp_loss":0.0,"gold_gain":0.0,"event_name":"Purifier","player_choice":"Purged","floor":20.0,"gold_loss":0.0,"damage_taken":0.0},{"damage_healed":0.0,"max_hp_gain":0.0,"max_hp_loss":0.0,"gold_gain":0.0,"event_name":"MindBloom","player_choice":"Fight","floor":37.0,"gold_loss":0.0,"damage_taken":0.0},{"damage_healed":0.0,"max_hp_gain":0.0,"max_hp_loss":0.0,"gold_gain":0.0,"event_name":"Tomb of Lord Red Mask","player_choice":"Paid","floor":38.0,"gold_loss":150.0,"damage_taken":0.0,"relics_obtained":["Red Mask"]},{"damage_healed":0.0,"max_hp_gain":0.0,"max_hp_loss":0.0,"gold_gain":0.0,"event_name":"SensoryStone","player_choice":"Memory 3","floor":39.0,"gold_loss":0.0,"damage_taken":10.0}],"is_beta":false,"boss_relics":[{"not_picked":["Tiny House","Black Star"],"picked":"Snecko Eye"},{"not_picked":["Sozu","Astrolabe"],"picked":"Coffee Dripper"}],"items_purged_floors":[30],"is_endless":false,"potions_floor_spawned":[1,3,12,13,24,28,37,44,47,55],"killed_by":"The Heart","ascension_level":20}