{"gold_per_floor":[112,112,122,142,153,153,172,172,172,206,206],"floor_reached":11,"playtime":414,"items_purged":[],"score":150,"play_id":"a8d607f5-ed73-4496-a618-25abb89be055","local_time":"20210508132500","is_ascension_mode":true,"campfire_choices":[{"data":"Bash","floor":6,"key":"SMITH"},{"data":"Bludgeon","floor":8,"key":"SMITH"}],"neow_cost":"PERCENT_DAMAGE","seed_source_timestamp":2752151471923900,"circlet_count":0,"master_deck":["AscendersBane","Strike_R","Strike_R","Strike_R","Strike_R","Defend_R","Defend_R","Defend_R","Defend_R","Bash+1","Limit Break","Pommel Strike","Clash","Headbutt","Bludgeon+1","Shrug It Off"],"relics":["Burning Blood","The Courier","Pen Nib"],"potions_floor_usage":[],"damage_taken":[{"damage":9,"enemies":"Jaw Worm","floor":1,"turns":5},{"damage":12,"enemies":"Cultist","floor":3,"turns":4},{"damage":4,"enemies":"Small Slimes","floor":4,"turns":3},{"damage":9,"enemies":"Red Slaver","floor":5,"turns":3},{"damage":12,"enemies":"Looter","floor":7,"turns":3},{"damage":20,"enemies":"3 Sentries","floor":10,"turns":5},{"damage":0,"enemies":"Exordium Wildlife","floor":11,"turns":1}],"seed_played":"325331352770809286","potions_obtained":[{"floor":3,"key":"EssenceOfSteel"},{"floor":4,"key":"Dexterity Potion"}],"is_trial":false,"path_per_floor":["M","?","M","M","M","R","M","R","T","E","M"],"character_chosen":"IRONCLAD","items_purchased":[],"campfire_rested":0,"item_purchase_floors":[],"current_hp_per_floor":[47,47,41,43,40,40,34,34,34,20,20],"gold":206,"neow_bonus":"THREE_RARE_CARDS","is_prod":false,"is_daily":false,"chose_seed":false,"campfire_upgraded":2,"win_rate":0,"timestamp":1620498300,"path_taken":["M","?","M","?","M","R","M","R","T","E","M"],"build_version":"2020-12-22","purchased_purges":0,"victory":false,"max_hp_per_floor":[75,75,75,75,75,75,75,75,75,75,75],"card_choices":[{"not_picked":["Corruption","Brutality"],"picked":"Limit Break","floor":0},{"not_picked":["Warcry","True Grit","Havoc"],"picked":"SKIP","floor":1},{"not_picked":["Flame Barrier","Second Wind"],"picked":"Pommel Strike","floor":3},{"not_picked":["Havoc","True Grit"],"picked":"Clash","floor":4},{"not_picked":["Havoc","Warcry"],"picked":"Headbutt","floor":5},{"not_picked":["Power Through","Second Wind"],"picked":"Bludgeon","floor":7},{"not_picked":["Heavy Blade","Pommel Strike"],"picked":"Shrug It Off","floor":10}],"player_experience":1541548,"relics_obtained":[{"floor":9,"key":"The Courier"},{"floor":10,"key":"Pen Nib"}],"event_choices":[{"cards_removed":["Strike_R"],"damage_healed":0,"gold_gain":0,"player_choice":"Purged","damage_taken":0,"max_hp_gain":0,"max_hp_loss":0,"event_name":"Purifier","floor":2,"gold_loss":0}],"is_beta":false,"boss_relics":[],"items_purged_floors":[],"is_endless":false,"potions_floor_spawned":[3,4],"killed_by":"Exordium Wildlife","ascension_level":20}