{"gold_per_floor":[119,138,138,158,158,191,201,201,201,21,54,66,79,98,98,171,171,190,200,14,24,24,37,81,81,81,81,81,118,118,118,118,204,204,229,229,241,241,261,261,288,325,325,325,351,351,375,395,395,395,395,395,395,49,74,74],"floor_reached":56,"playtime":10355,"items_purged":["Cleave"],"score":1912,"play_id":"1ed391f8-bab5-44da-9fee-a280ac57ef6a","local_time":"20210504234117","is_ascension_mode":true,"campfire_choices":[{"data":"Shockwave","floor":8.0,"key":"SMITH"},{"data":"Pommel Strike","floor":15.0,"key":"SMITH"},{"data":"Perfected Strike","floor":25.0,"key":"SMITH"},{"data":"Spot Weakness","floor":28.0,"key":"SMITH"},{"data":"Inflame","floor":32.0,"key":"SMITH"},{"data":"1","floor":40.0,"key":"LIFT"},{"data":"2","floor":44.0,"key":"LIFT"},{"data":"3","floor":46.0,"key":"LIFT"},{"floor":49.0,"key":"RECALL"},{"data":"Disarm","floor":53.0,"key":"SMITH"}],"neow_cost":"NONE","seed_source_timestamp":0,"circlet_count":0,"master_deck":["AscendersBane","Strike_R+1","Strike_R+1","Strike_R+1","Strike_R+1","Defend_R+1","Defend_R+1","Defend_R+1","Defend_R+1","Bash+1","Pommel Strike+1","Twin Strike","Power Through","Perfected Strike+1","Shockwave+1","Ghostly Armor","Reaper","Inflame+1","Shrug It Off","Reaper","Perfected Strike+1","Pommel Strike","Spot Weakness+1","Disarm+1","Impervious","Shrug It Off","Clothesline+1","Pommel Strike","Battle Trance+1","Immolate"],"special_seed":0,"relics":["Burning Blood","The Courier","Sundial","Akabeko","Bottled Flame","Snecko Eye","PreservedInsect","CeramicFish","Omamori","Calling Bell","Bronze Scales","Kunai","Girya","Eternal Feather","Pen Nib","HornCleat","Nunchaku","Centennial Puzzle"],"potions_floor_usage":[],"damage_taken":[{"damage":9.0,"enemies":"Jaw Worm","floor":1.0,"turns":6.0},{"damage":4.0,"enemies":"Small Slimes","floor":2.0,"turns":3.0},{"damage":6.0,"enemies":"Cultist","floor":4.0,"turns":4.0},{"damage":20.0,"enemies":"3 Sentries","floor":6.0,"turns":8.0},{"damage":0.0,"enemies":"Looter","floor":7.0,"turns":2.0},{"damage":8.0,"enemies":"Gremlin Nob","floor":11.0,"turns":3.0},{"damage":0.0,"enemies":"Red Slaver","floor":12.0,"turns":2.0},{"damage":9.0,"enemies":"Exordium Wildlife","floor":13.0,"turns":4.0},{"damage":3.0,"enemies":"Looter","floor":14.0,"turns":2.0},{"damage":48.0,"enemies":"Hexaghost","floor":16.0,"turns":9.0},{"damage":11.0,"enemies":"Spheric Guardian","floor":18.0,"turns":4.0},{"damage":5.0,"enemies":"3 Byrds","floor":19.0,"turns":5.0},{"damage":0.0,"enemies":"Cultist and Chosen","floor":21.0,"turns":5.0},{"damage":0.0,"enemies":"Snecko","floor":23.0,"turns":3.0},{"damage":0.0,"enemies":"Slavers","floor":24.0,"turns":2.0},{"damage":18.0,"enemies":"Gremlin Leader","floor":29.0,"turns":2.0},{"damage":27.0,"enemies":"Champ","floor":33.0,"turns":8.0},{"damage":0.0,"enemies":"Orb Walker","floor":35.0,"turns":3.0},{"damage":37.0,"enemies":"3 Darklings","floor":37.0,"turns":5.0},{"damage":29.0,"enemies":"Spire Growth","floor":39.0,"turns":4.0},{"damage":16.0,"enemies":"Maw","floor":41.0,"turns":7.0},{"damage":32.0,"enemies":"Reptomancer","floor":42.0,"turns":6.0},{"damage":43.0,"enemies":"Transient","floor":45.0,"turns":6.0},{"damage":18.0,"enemies":"Sphere and 2 Shapes","floor":47.0,"turns":3.0},{"damage":31.0,"enemies":"4 Shapes","floor":48.0,"turns":4.0},{"damage":71.0,"enemies":"Awakened One","floor":50.0,"turns":15.0},{"damage":48.0,"enemies":"Time Eater","floor":51.0,"turns":6.0},{"damage":71.0,"enemies":"Shield and Spear","floor":55.0,"turns":8.0},{"damage":0,"enemies":"The Heart","floor":56,"turns":1}],"seed_played":"574570085342138029","potions_obtained":[{"floor":1.0,"key":"Strength Potion"},{"floor":7.0,"key":"PowerPotion"},{"floor":19.0,"key":"Fire Potion"},{"floor":33.0,"key":"GamblersBrew"},{"floor":39.0,"key":"FearPotion"}],"is_trial":false,"path_per_floor":["M","M","?","M","?","E","M","R","T","$","E","M","M","M","R","B",null,"M","M","$","M","$","M","E","R","T","?","R","E","$","?","R","B",null,"M","?","M","?","M","R","M","E","T","R","M","R","M","M","R","B","B",null,"R","$","E","B"],"character_chosen":"IRONCLAD","items_purchased":["Akabeko","Cleave","PreservedInsect","HornCleat","Nunchaku"],"campfire_rested":0,"item_purchase_floors":[10,10,20,54,54],"current_hp_per_floor":[65,67,44,44,44,30,36,36,36,36,34,52,72,75,75,45,68,63,73,73,75,75,75,75,75,75,75,75,63,63,63,63,65,73,75,75,54,54,52,52,52,49,49,64,47,62,63,50,68,43,11,59,75,75,18,18],"gold":74,"neow_bonus":"THREE_CARDS","is_prod":false,"is_daily":false,"chose_seed":false,"campfire_upgraded":6,"win_rate":0,"timestamp":1620189677,"path_taken":["M","M","?","M","?","E","M","R","T","$","E","M","M","M","R","BOSS","M","M","$","M","$","M","E","R","T","?","R","E","?","?","R","BOSS","M","?","M","?","M","R","M","E","T","R","?","R","M","M","R","BOSS","BOSS","R","$","E","BOSS"],"build_version":"2020-12-22","purchased_purges":1,"victory":false,"max_hp_per_floor":[75,75,75,75,75,75,75,75,75,75,75,75,75,75,75,75,75,75,75,75,75,75,75,75,75,75,75,75,75,75,75,75,75,75,75,75,75,75,75,75,75,75,75,75,75,75,75,75,75,75,75,75,75,75,75,75],"card_choices":[{"not_picked":["Feel No Pain","Sword Boomerang"],"picked":"Pommel Strike","floor":0.0},{"not_picked":["Sever Soul","Searing Blow"],"picked":"Twin Strike","floor":1.0},{"not_picked":["Sword Boomerang","Havoc"],"picked":"Power Through","floor":2.0},{"not_picked":["Clothesline","Flex"],"picked":"Perfected Strike","floor":4.0},{"not_picked":["Anger","Double Tap"],"picked":"Shockwave","floor":6.0},{"not_picked":["Anger","True Grit"],"picked":"Ghostly Armor","floor":7.0},{"not_picked":["Spot Weakness","Headbutt"],"picked":"Reaper","floor":11.0},{"not_picked":["Inflame","Pommel Strike","Wild Strike"],"picked":"SKIP","floor":12.0},{"not_picked":["Pommel Strike","Wild Strike"],"picked":"Inflame","floor":12.0},{"not_picked":["Havoc","Uppercut"],"picked":"Shrug It Off","floor":13.0},{"not_picked":["Sever Soul","Twin Strike","Rupture"],"picked":"SKIP","floor":14.0},{"not_picked":["Juggernaut","Limit Break"],"picked":"Reaper","floor":16.0},{"not_picked":["Clash+1","Power Through","Hemokinesis"],"picked":"SKIP","floor":18.0},{"not_picked":["Dark Embrace","Warcry"],"picked":"Perfected Strike","floor":19.0},{"not_picked":["Thunderclap","Battle Trance","Sword Boomerang"],"picked":"SKIP","floor":21.0},{"not_picked":["Sword Boomerang","Armaments"],"picked":"Pommel Strike","floor":23.0},{"not_picked":["Whirlwind","Flame Barrier"],"picked":"Spot Weakness","floor":24.0},{"not_picked":["Armaments","Thunderclap"],"picked":"Disarm","floor":29.0},{"not_picked":["Brutality","Feed"],"picked":"Impervious","floor":33.0},{"not_picked":["Combust","Rampage"],"picked":"Shrug It Off","floor":35.0},{"not_picked":["Body Slam+1","Armaments","Feed"],"picked":"SKIP","floor":37.0},{"not_picked":["Uppercut","Anger","Battle Trance"],"picked":"SKIP","floor":39.0},{"not_picked":["Pommel Strike","Rage"],"picked":"Clothesline+1","floor":41.0},{"not_picked":["Anger+1","Metallicize"],"picked":"Pommel Strike","floor":42.0},{"not_picked":["Havoc+1","Wild Strike"],"picked":"Battle Trance+1","floor":45.0},{"not_picked":["Headbutt+1","Wild Strike"],"picked":"Immolate","floor":47.0},{"not_picked":["Ghostly Armor+1","Evolve","Armaments"],"picked":"SKIP","floor":48.0},{"not_picked":["Twin Strike","Dropkick+1","Cleave+1"],"picked":"SKIP","floor":55.0}],"player_experience":1523261,"relics_obtained":[{"floor":6.0,"key":"The Courier"},{"floor":9.0,"key":"Sundial"},{"floor":11.0,"key":"Bottled Flame"},{"floor":24.0,"key":"CeramicFish"},{"floor":29.0,"key":"Omamori"},{"floor":34.0,"key":"Bronze Scales"},{"floor":34.0,"key":"Kunai"},{"floor":34.0,"key":"Girya"},{"floor":42.0,"key":"Eternal Feather"},{"floor":43.0,"key":"Pen Nib"},{"floor":55.0,"key":"Centennial Puzzle"}],"event_choices":[{"damage_healed":0.0,"max_hp_gain":0.0,"max_hp_loss":0.0,"gold_gain":0.0,"event_name":"Shining Light","player_choice":"Entered Light","floor":3.0,"gold_loss":0.0,"damage_taken":23.0,"cards_upgraded":["Bash","Defend_R"]},{"damage_healed":0.0,"max_hp_gain":0.0,"max_hp_loss":0.0,"gold_gain":0.0,"event_name":"Living Wall","player_choice":"Grow","floor":5.0,"gold_loss":0.0,"damage_taken":0.0,"cards_upgraded":["Perfected Strike"]},{"damage_healed":0.0,"max_hp_gain":0.0,"max_hp_loss":0.0,"gold_gain":0.0,"event_name":"Match and Keep!","player_choice":"0 cards matched","floor":27.0,"gold_loss":0.0,"damage_taken":0.0,"cards_obtained":[]},{"damage_healed":0.0,"max_hp_gain":0.0,"max_hp_loss":0.0,"gold_gain":0.0,"event_name":"Back to Basics","player_choice":"Simplicity","floor":31.0,"gold_loss":0.0,"damage_taken":0.0,"cards_upgraded":["Strike_R","Strike_R","Strike_R","Strike_R","Strike_R","Defend_R","Defend_R","Defend_R"]},{"cards_removed":["Strike_R"],"damage_healed":0.0,"max_hp_gain":0.0,"max_hp_loss":0.0,"gold_gain":0.0,"event_name":"Falling","player_choice":"Removed Attack","floor":36.0,"gold_loss":0.0,"damage_taken":0.0},{"damage_healed":0.0,"max_hp_gain":0.0,"max_hp_loss":0.0,"gold_gain":0.0,"event_name":"SecretPortal","player_choice":"Ignored","floor":38.0,"gold_loss":0.0,"damage_taken":0.0}],"is_beta":false,"boss_relics":[{"not_picked":["Sozu","Mark of Pain"],"picked":"Snecko Eye"},{"not_picked":["SacredBark","Black Blood"],"picked":"Calling Bell"}],"items_purged_floors":[20],"is_endless":false,"potions_floor_spawned":[1,7,11,14,19,33,35,39,48],"killed_by":"The Heart","ascension_level":20}