{"gold_per_floor":[119,194,194,212,0,26,26,54,54,54,80,80,113,128,128,200,200,219,235,15,65,79,79,112,112,137,170,170,2,17,36,36,110,110,120,137,137,150,162,197,197,222,222,35,35,35,67,82,82,82,82,82,82,3,33,33],"floor_reached":56,"playtime":3055,"items_purged":["Cleave"],"score":2427,"play_id":"b42765ed-97eb-41de-b0b0-34c812b4a2da","local_time":"20210515000025","is_ascension_mode":true,"campfire_choices":[{"data":"Shockwave","floor":7.0,"key":"SMITH"},{"floor":12.0,"key":"REST"},{"data":"Combust","floor":15.0,"key":"SMITH"},{"data":"Demon Form","floor":23,"key":"SMITH"},{"data":"Inflame","floor":28,"key":"SMITH"},{"data":"Inflame","floor":32,"key":"SMITH"},{"data":"Corruption","floor":41,"key":"SMITH"},{"floor":46,"key":"RECALL"},{"data":"Dark Embrace","floor":49,"key":"SMITH"},{"data":"Ghostly Armor","floor":53,"key":"SMITH"}],"neow_cost":"NONE","seed_source_timestamp":0,"circlet_count":0,"master_deck":["AscendersBane","Combust+1","Shockwave+1","Ghostly Armor+1","Inflame+1","Battle Trance+1","Havoc+1","Clothesline+1","Double Tap+1","Feed+1","Sever Soul+1","Rage+1","Uppercut+1","Sword Boomerang+1","Spot Weakness+1","Demon Form+1","Carnage+1","Corruption+1","Sword Boomerang+1","Shrug It Off+1","Bloodletting+1","Disarm+1","Flame Barrier+1","Dark Embrace+1","Power Through+1","Havoc+1","Inflame+1","Fiend Fire+1","Flame Barrier+1","Sentinel+1","Havoc+1","Sentinel+1","Shrug It Off+1","Dual Wield+1","Dual Wield+1","Shrug It Off+1","Shrug It Off+1","Burning Pact+1","Dark Embrace+1","Disarm+1"],"special_seed":0,"relics":["Burning Blood","NeowsBlessing","Membership Card","HornCleat","Bag of Preparation","Toxic Egg 2","Molten Egg 2","Prayer Wheel","Sundial","Pandora\u0027s Box","Anchor","Mummified Hand","Meat on the Bone","Akabeko","Boot","Centennial Puzzle","Runic Pyramid","Toy Ornithopter","Du-Vu Doll","White Beast Statue","Torii","Nunchaku","Happy Flower"],"potions_floor_usage":[19,39,40,56,56],"damage_taken":[{"damage":0.0,"enemies":"Small Slimes","floor":1.0,"turns":1.0},{"damage":0.0,"enemies":"2 Louse","floor":4.0,"turns":1.0},{"damage":0.0,"enemies":"Gremlin Nob","floor":6.0,"turns":1.0},{"damage":44.0,"enemies":"Lagavulin","floor":8.0,"turns":9.0},{"damage":27.0,"enemies":"Gremlin Nob","floor":11.0,"turns":4.0},{"damage":19.0,"enemies":"Lagavulin","floor":13.0,"turns":6.0},{"damage":0.0,"enemies":"Cultist","floor":14.0,"turns":2.0},{"damage":27.0,"enemies":"Hexaghost","floor":16.0,"turns":8.0},{"damage":0,"enemies":"Spheric Guardian","floor":18,"turns":3},{"damage":5,"enemies":"Shell Parasite","floor":19,"turns":3},{"damage":15,"enemies":"Cultist and Chosen","floor":22,"turns":4},{"damage":17,"enemies":"Book of Stabbing","floor":24,"turns":4},{"damage":4,"enemies":"Gremlin Leader","floor":27,"turns":3},{"damage":0,"enemies":"Centurion and Healer","floor":30,"turns":3},{"damage":0,"enemies":"Snake Plant","floor":31,"turns":2},{"damage":6,"enemies":"Collector","floor":33,"turns":6},{"damage":8,"enemies":"3 Darklings","floor":35,"turns":3},{"damage":21,"enemies":"3 Shapes","floor":36,"turns":3},{"damage":3,"enemies":"Transient","floor":38,"turns":4},{"damage":3,"enemies":"Jaw Worm Horde","floor":39,"turns":3},{"damage":11,"enemies":"Nemesis","floor":40,"turns":3},{"damage":3,"enemies":"Giant Head","floor":42,"turns":3},{"damage":10,"enemies":"Nemesis","floor":47,"turns":3},{"damage":0,"enemies":"Writhing Mass","floor":48,"turns":3},{"damage":5,"enemies":"Donu and Deca","floor":50,"turns":3},{"damage":7,"enemies":"Awakened One","floor":51,"turns":5},{"damage":14,"enemies":"Shield and Spear","floor":55,"turns":4},{"damage":102,"enemies":"The Heart","floor":56,"turns":6}],"seed_played":"2375931046715868329","potions_obtained":[{"floor":8.0,"key":"Swift Potion"},{"floor":14.0,"key":"Weak Potion"},{"floor":18,"key":"Ancient Potion"},{"floor":27,"key":"ElixirPotion"},{"floor":30,"key":"BloodPotion"},{"floor":33,"key":"AttackPotion"},{"floor":39,"key":"Swift Potion"},{"floor":40,"key":"Swift Potion"},{"floor":48,"key":"DuplicationPotion"}],"is_trial":false,"path_per_floor":["M","?","?","M","$","E","R","E","T","T","E","R","E","M","R","B",null,"M","M","$","?","M","R","E","?","T","E","R","$","M","M","R","B",null,"M","M","?","M","M","E","R","E","T","$","?","R","E","M","R","B","B",null,"R","$","E","B"],"character_chosen":"IRONCLAD","items_purchased":["Membership Card","Shockwave","Anchor","Mummified Hand","Centennial Puzzle","Dark Embrace","Burning Pact+1","White Beast Statue","Nunchaku"],"campfire_rested":1,"item_purchase_floors":[5,5,20,20,29,29,44,44,54],"current_hp_per_floor":[74,63,63,69,69,75,75,37,37,37,16,38,25,31,31,10,59,65,66,66,66,61,61,54,54,54,56,56,56,66,72,72,72,83,85,74,74,77,95,90,90,97,97,97,97,97,97,103,103,103,102,103,103,103,99,7],"gold":33,"neow_bonus":"THREE_ENEMY_KILL","is_prod":false,"is_daily":false,"chose_seed":false,"campfire_upgraded":8,"win_rate":0,"timestamp":1621054825,"path_taken":["M","?","?","?","?","E","R","E","T","?","E","R","E","M","R","BOSS","M","M","$","?","M","R","E","?","T","E","R","$","M","M","R","BOSS","M","M","?","?","M","E","R","E","T","?","?","R","E","M","R","BOSS","BOSS","R","$","E","BOSS"],"build_version":"2020-12-22","purchased_purges":1,"victory":false,"max_hp_per_floor":[75,75,75,75,75,75,75,75,75,75,75,75,75,75,75,75,75,75,75,75,75,79,79,83,83,83,83,83,83,87,87,87,87,87,91,95,95,95,95,95,95,99,99,99,99,99,103,103,103,103,103,103,103,103,107,107],"card_choices":[{"not_picked":["Headbutt","Sever Soul"],"picked":"Cleave","floor":1.0},{"not_picked":["Shrug It Off","Cleave"],"picked":"Combust","floor":4.0},{"not_picked":["Sword Boomerang","Double Tap"],"picked":"Ghostly Armor","floor":6.0},{"not_picked":["Body Slam","Iron Wave"],"picked":"Inflame","floor":8.0},{"not_picked":["Ghostly Armor+1","Twin Strike+1"],"picked":"Battle Trance+1","floor":11.0},{"not_picked":["Warcry+1","Perfected Strike+1"],"picked":"Havoc+1","floor":13.0},{"not_picked":["Heavy Blade+1","Body Slam+1"],"picked":"Clothesline+1","floor":14.0},{"not_picked":["Searing Blow+1","Wild Strike+1"],"picked":"Double Tap+1","floor":14.0},{"not_picked":["Exhume+1","Berserk"],"picked":"Feed+1","floor":16.0},{"not_picked":["Thunderclap+1","Pummel+1","Flex+1"],"picked":"SKIP","floor":18},{"not_picked":["Twin Strike+1","Flex+1","Berserk"],"picked":"SKIP","floor":18},{"not_picked":["Rage+1","Anger+1"],"picked":"Sword Boomerang+1","floor":19},{"not_picked":["Anger+1","Cleave+1"],"picked":"Shrug It Off+1","floor":19},{"not_picked":["Wild Strike+1","Clash+1"],"picked":"Bloodletting+1","floor":22},{"not_picked":["Heavy Blade+1","Cleave+1","Twin Strike+1"],"picked":"SKIP","floor":22},{"not_picked":["Headbutt+1","Shockwave+1"],"picked":"Disarm+1","floor":24},{"not_picked":["Body Slam+1","Demon Form"],"picked":"Flame Barrier+1","floor":27},{"not_picked":["Iron Wave+1","Fire Breathing+1"],"picked":"Power Through+1","floor":30},{"not_picked":["Anger+1","Searing Blow+1","Fire Breathing"],"picked":"SKIP","floor":30},{"not_picked":["Wild Strike+1","Dark Embrace"],"picked":"Havoc+1","floor":31},{"not_picked":["Brutality","Heavy Blade+1"],"picked":"Inflame","floor":31},{"not_picked":["Demon Form","Brutality"],"picked":"Fiend Fire+1","floor":33},{"not_picked":["Inflame","Pommel Strike+1"],"picked":"Flame Barrier+1","floor":35},{"not_picked":["Uppercut+1","Cleave+1","Wild Strike+1"],"picked":"SKIP","floor":35},{"not_picked":["Whirlwind+1","Body Slam+1"],"picked":"Sentinel+1","floor":36},{"not_picked":["Intimidate+1","Feel No Pain"],"picked":"Havoc+1","floor":36},{"not_picked":["Flex+1","Body Slam+1"],"picked":"Shrug It Off+1","floor":38},{"not_picked":["Twin Strike+1","Demon Form","Reckless Charge+1"],"picked":"SKIP","floor":38},{"not_picked":["Thunderclap+1","Armaments+1"],"picked":"Dual Wield+1","floor":39},{"not_picked":["Armaments+1","Feel No Pain"],"picked":"Dual Wield+1","floor":39},{"not_picked":["Feed+1","Wild Strike+1"],"picked":"Shrug It Off+1","floor":40},{"not_picked":["Uppercut+1","Rampage+1"],"picked":"Shrug It Off+1","floor":42},{"not_picked":["Ghostly Armor+1","Reckless Charge+1"],"picked":"Dark Embrace","floor":47},{"not_picked":["Clash+1","Sword Boomerang+1","Shockwave+1"],"picked":"SKIP","floor":48},{"not_picked":["Perfected Strike+1","Power Through+1","Headbutt+1"],"picked":"SKIP","floor":48},{"not_picked":["Flex+1","True Grit+1"],"picked":"Disarm+1","floor":55}],"player_experience":1546814,"relics_obtained":[{"floor":6.0,"key":"HornCleat"},{"floor":8.0,"key":"Bag of Preparation"},{"floor":9.0,"key":"Toxic Egg 2"},{"floor":10.0,"key":"Molten Egg 2"},{"floor":11.0,"key":"Prayer Wheel"},{"floor":13.0,"key":"Sundial"},{"floor":24,"key":"Meat on the Bone"},{"floor":26,"key":"Akabeko"},{"floor":27,"key":"Boot"},{"floor":40,"key":"Toy Ornithopter"},{"floor":42,"key":"Du-Vu Doll"},{"floor":47,"key":"Torii"},{"floor":55,"key":"Happy Flower"}],"event_choices":[{"damage_healed":0.0,"max_hp_gain":0.0,"max_hp_loss":0.0,"gold_gain":75.0,"event_name":"World of Goop","player_choice":"Gather Gold","floor":2.0,"gold_loss":0.0,"damage_taken":11.0},{"cards_removed":["Strike_R"],"damage_healed":0.0,"max_hp_gain":0.0,"max_hp_loss":0.0,"gold_gain":0.0,"event_name":"Purifier","player_choice":"Purged","floor":3.0,"gold_loss":0.0,"damage_taken":0.0},{"damage_healed":0,"gold_gain":50,"player_choice":"Stole From Cult","damage_taken":0,"max_hp_gain":0,"max_hp_loss":0,"event_name":"Nest","floor":21,"gold_loss":0},{"cards_removed":["Bash"],"damage_healed":0,"gold_gain":0,"player_choice":"Elegance","damage_taken":0,"max_hp_gain":0,"max_hp_loss":0,"event_name":"Back to Basics","floor":25,"gold_loss":0},{"damage_healed":0,"gold_gain":0,"player_choice":"Copied","damage_taken":0,"max_hp_gain":0,"max_hp_loss":0,"event_name":"Duplicator","floor":37,"gold_loss":0,"cards_obtained":["Sentinel"]},{"damage_healed":0,"gold_gain":0,"player_choice":"Forge","damage_taken":0,"max_hp_gain":0,"max_hp_loss":0,"event_name":"Accursed Blacksmith","floor":45,"gold_loss":0,"cards_upgraded":["Dark Embrace"]}],"is_beta":false,"boss_relics":[{"not_picked":["SacredBark","Tiny House"],"picked":"Pandora\u0027s Box"},{"not_picked":["SlaversCollar","Busted Crown"],"picked":"Runic Pyramid"}],"items_purged_floors":[29],"is_endless":false,"potions_floor_spawned":[8,14,18,27,30,33,39,40,42,47,48,55],"killed_by":"The Heart","ascension_level":20}