{"gold_per_floor":[117,131,206,222,222,250,250,283,283,283,301,314,45,64,64,140,140,159,159,174,192,162,193,193,220,270,304,328,369,381,408,420,509,521,548,560,624,654,679,691,737,749,761,814,845,887,635,653,653,653,653],"floor_reached":52,"playtime":2868,"items_purged":["Strike_R"],"score":2089,"play_id":"e74beef0-484b-4db9-be2b-16e7cae150ab","local_time":"20210518193454","is_ascension_mode":true,"campfire_choices":[{"data":"Wild Strike","floor":7,"key":"SMITH"},{"data":"Inflame","floor":10,"key":"SMITH"},{"data":"Evolve","floor":15,"key":"SMITH"},{"data":"Perfected Strike","floor":24,"key":"SMITH"},{"data":"Bludgeon","floor":32,"key":"SMITH"},{"data":"Spot Weakness","floor":40,"key":"SMITH"},{"data":"Clothesline","floor":42,"key":"SMITH"},{"data":"Heavy Blade","floor":49,"key":"SMITH"}],"neow_cost":"NONE","seed_source_timestamp":324100351215600,"circlet_count":0,"master_deck":["AscendersBane","Strike_R","Strike_R","Strike_R","Strike_R","Defend_R","Defend_R","Defend_R","Defend_R","Bash+1","Inflame+1","Wild Strike+1","Wild Strike+1","Reaper","Evolve+1","Flash of Steel","Shrug It Off","Limit Break","Spot Weakness+1","Clothesline+1","Perfected Strike+1","Bludgeon+1","Flame Barrier+1","Reaper","Wild Strike+1","Reaper","Reaper","Heavy Blade+1"],"relics":["Burning Blood","Vajra","StrikeDummy","Pen Nib","Bag of Marbles","Snecko Eye","CaptainsWheel","White Beast Statue","MawBank","Orichalcum","Velvet Choker","Letter Opener","Dead Branch","CeramicFish","InkBottle","Smiling Mask","Paper Frog","Brimstone"],"potions_floor_usage":[20,29,35,50,51],"damage_taken":[{"damage":4,"enemies":"Jaw Worm","floor":1,"turns":4},{"damage":7,"enemies":"Small Slimes","floor":2,"turns":3},{"damage":1,"enemies":"Cultist","floor":4,"turns":3},{"damage":35,"enemies":"Lagavulin","floor":6,"turns":5},{"damage":30,"enemies":"3 Sentries","floor":8,"turns":9},{"damage":1,"enemies":"Looter","floor":11,"turns":2},{"damage":9,"enemies":"Red Slaver","floor":12,"turns":2},{"damage":6,"enemies":"Large Slime","floor":14,"turns":4},{"damage":8,"enemies":"Slime Boss","floor":16,"turns":8},{"damage":4,"enemies":"Chosen","floor":18,"turns":3},{"damage":30,"enemies":"Spheric Guardian","floor":20,"turns":4},{"damage":24,"enemies":"3 Cultists","floor":21,"turns":4},{"damage":55,"enemies":"Book of Stabbing","floor":23,"turns":5},{"damage":38,"enemies":"Slavers","floor":25,"turns":4},{"damage":29,"enemies":"Book of Stabbing","floor":27,"turns":3},{"damage":0,"enemies":"Snake Plant","floor":28,"turns":1},{"damage":29,"enemies":"Gremlin Leader","floor":29,"turns":7},{"damage":0,"enemies":"Centurion and Healer","floor":31,"turns":1},{"damage":26,"enemies":"Automaton","floor":33,"turns":4},{"damage":13,"enemies":"3 Shapes","floor":35,"turns":3},{"damage":18,"enemies":"2 Orb Walkers","floor":37,"turns":3},{"damage":0,"enemies":"Orb Walker","floor":38,"turns":1},{"damage":6,"enemies":"Jaw Worm Horde","floor":39,"turns":2},{"damage":5,"enemies":"Nemesis","floor":41,"turns":3},{"damage":12,"enemies":"Reptomancer","floor":44,"turns":2},{"damage":4,"enemies":"Spire Growth","floor":45,"turns":3},{"damage":25,"enemies":"Giant Head","floor":46,"turns":5},{"damage":36,"enemies":"Sphere and 2 Shapes","floor":48,"turns":3},{"damage":81,"enemies":"Time Eater","floor":50,"turns":8},{"damage":75,"enemies":"Donu and Deca","floor":51,"turns":5}],"seed_played":"-5184910743124498541","potions_obtained":[{"floor":4,"key":"FairyPotion"},{"floor":6,"key":"Ancient Potion"},{"floor":8,"key":"Explosive Potion"},{"floor":22,"key":"PowerPotion"},{"floor":27,"key":"ColorlessPotion"},{"floor":28,"key":"Strength Potion"},{"floor":29,"key":"Energy Potion"},{"floor":35,"key":"Energy Potion"}],"is_trial":false,"path_per_floor":["M","M","?","M","?","E","R","E","T","R","M","M","$","M","R","B",null,"M","?","M","M","?","E","R","E","T","E","M","E","?","M","R","B",null,"M","T","?","M","M","R","E","R","T","E","M","E","$","M","R","B","B",null],"character_chosen":"IRONCLAD","items_purchased":["Bag of Marbles","Flash of Steel","Brimstone","Heavy Blade"],"campfire_rested":0,"item_purchase_floors":[13,13,47,47],"current_hp_per_floor":[70,69,58,63,63,34,34,10,10,10,15,17,17,17,17,22,62,71,71,56,57,57,16,16,11,11,13,26,31,31,37,37,17,61,54,54,72,75,75,75,75,75,75,75,75,56,56,75,75,46,42],"gold":653,"neow_bonus":"UPGRADE_CARD","is_prod":false,"is_daily":false,"chose_seed":false,"campfire_upgraded":8,"win_rate":0,"timestamp":1621384494,"path_taken":["M","M","?","M","?","E","R","E","T","R","M","M","$","M","R","BOSS","M","?","M","M","?","E","R","E","T","E","?","E","?","M","R","BOSS","M","?","?","M","M","R","E","R","T","E","M","E","$","M","R","BOSS","BOSS"],"build_version":"2020-12-22","purchased_purges":1,"victory":true,"max_hp_per_floor":[75,75,75,75,75,75,75,75,75,75,75,75,75,75,75,75,75,75,75,75,75,75,75,75,75,75,75,75,75,75,75,75,75,75,75,75,75,75,75,75,75,75,75,75,75,75,75,75,75,75,75],"card_choices":[{"not_picked":["Flex","Shrug It Off"],"picked":"Inflame","floor":1},{"not_picked":["Seeing Red","Headbutt"],"picked":"Wild Strike","floor":2},{"not_picked":["Burning Pact","Heavy Blade"],"picked":"Wild Strike","floor":4},{"not_picked":["Fire Breathing","Clothesline","Second Wind"],"picked":"SKIP","floor":6},{"not_picked":["Fire Breathing","Clothesline","Second Wind"],"picked":"SKIP","floor":6},{"not_picked":["Sword Boomerang","Flex"],"picked":"Reaper","floor":8},{"not_picked":["Clothesline","Headbutt"],"picked":"Evolve","floor":11},{"not_picked":["Infernal Blade","Body Slam","Wild Strike"],"picked":"SKIP","floor":12},{"not_picked":["Dark Embrace","Inflame"],"picked":"Shrug It Off","floor":14},{"not_picked":["Brutality","Berserk"],"picked":"Limit Break","floor":16},{"not_picked":["Cleave","Thunderclap","Sentinel"],"picked":"SKIP","floor":18},{"not_picked":["Twin Strike","Armaments"],"picked":"Spot Weakness","floor":20},{"not_picked":["Searing Blow","Flex"],"picked":"Clothesline","floor":21},{"not_picked":["Evolve","Rampage"],"picked":"Perfected Strike","floor":23},{"not_picked":["Headbutt+1","Warcry","Clash+1"],"picked":"SKIP","floor":25},{"not_picked":["Demon Form","Wild Strike"],"picked":"Bludgeon","floor":27},{"not_picked":["Armaments","Clash","Intimidate+1"],"picked":"SKIP","floor":28},{"not_picked":["Body Slam+1","Sword Boomerang"],"picked":"Flame Barrier+1","floor":29},{"not_picked":["Headbutt","Pommel Strike","Hemokinesis+1"],"picked":"SKIP","floor":31},{"not_picked":["Exhume","Juggernaut"],"picked":"Reaper","floor":33},{"not_picked":["Cleave","Thunderclap","Havoc+1"],"picked":"SKIP","floor":35},{"not_picked":["Heavy Blade","Cleave"],"picked":"Wild Strike+1","floor":37},{"not_picked":["Pommel Strike","Twin Strike","Cleave+1"],"picked":"SKIP","floor":38},{"not_picked":["Spot Weakness","Dark Embrace"],"picked":"Reaper","floor":39},{"not_picked":["Dual Wield","Metallicize","Cleave"],"picked":"SKIP","floor":41},{"not_picked":["Heavy Blade+1","Shrug It Off"],"picked":"Reaper","floor":44},{"not_picked":["Searing Blow","Clothesline","Ghostly Armor"],"picked":"SKIP","floor":45},{"not_picked":["Iron Wave","Ghostly Armor","Wild Strike"],"picked":"SKIP","floor":46},{"not_picked":["Uppercut","Havoc+1","Thunderclap"],"picked":"SKIP","floor":48}],"player_experience":1568413,"relics_obtained":[{"floor":6,"key":"Vajra"},{"floor":8,"key":"StrikeDummy"},{"floor":9,"key":"Pen Nib"},{"floor":23,"key":"CaptainsWheel"},{"floor":25,"key":"White Beast Statue"},{"floor":27,"key":"MawBank"},{"floor":29,"key":"Orichalcum"},{"floor":36,"key":"Letter Opener"},{"floor":37,"key":"Dead Branch"},{"floor":41,"key":"CeramicFish"},{"floor":43,"key":"InkBottle"},{"floor":44,"key":"Smiling Mask"},{"floor":46,"key":"Paper Frog"}],"event_choices":[{"damage_healed":0,"gold_gain":75,"player_choice":"Gather Gold","damage_taken":11,"max_hp_gain":0,"max_hp_loss":0,"event_name":"World of Goop","floor":3,"gold_loss":0},{"damage_healed":0,"gold_gain":0,"player_choice":"Grow","damage_taken":0,"max_hp_gain":0,"max_hp_loss":0,"event_name":"Living Wall","floor":5,"gold_loss":0,"cards_upgraded":["Wild Strike"]},{"damage_healed":0,"gold_gain":0,"player_choice":"Ignored","damage_taken":0,"max_hp_gain":0,"max_hp_loss":0,"event_name":"Ghosts","floor":19,"gold_loss":0},{"damage_healed":0,"gold_gain":0,"player_choice":"Bought 2 Potions","damage_taken":0,"max_hp_gain":0,"max_hp_loss":0,"event_name":"The Woman in Blue","floor":22,"gold_loss":0},{"damage_healed":0,"gold_gain":0,"player_choice":"Ignored","damage_taken":0,"max_hp_gain":0,"max_hp_loss":0,"event_name":"N\u0027loth","floor":30,"gold_loss":0},{"damage_healed":0,"gold_gain":0,"player_choice":"Fight","damage_taken":0,"max_hp_gain":0,"max_hp_loss":0,"event_name":"Mysterious Sphere","floor":37,"gold_loss":0}],"is_beta":false,"boss_relics":[{"not_picked":["Runic Cube","SlaversCollar"],"picked":"Snecko Eye"},{"not_picked":["Empty Cage","Busted Crown"],"picked":"Velvet Choker"}],"items_purged_floors":[47],"is_endless":false,"potions_floor_spawned":[4,6,8,14,16,23,27,28,29,31,33,35,37,38,39,41,44,45,46,48],"ascension_level":20}