{"gold_per_floor":[119,394,411,95,107,141,141,172,197,232,246,263,273,293,293,293],"floor_reached":16,"playtime":1078,"items_purged":["Regret"],"score":248,"play_id":"bc8d738b-5bbe-4195-8ab8-a5ab1e11901e","local_time":"20210906162851","is_ascension_mode":true,"campfire_choices":[{"data":"Armaments","floor":7,"key":"SMITH"},{"data":"Shockwave","floor":15,"key":"SMITH"}],"neow_cost":"NONE","seed_source_timestamp":2659418504963800,"circlet_count":0,"master_deck":["AscendersBane","Strike_R","Strike_R","Strike_R","Strike_R","Strike_R","Defend_R","Defend_R","Defend_R","Defend_R","Bash+1","Disarm","Sword Boomerang","Spot Weakness","Armaments+1","Feel No Pain","Shockwave+1","Pummel","Whirlwind","Sword Boomerang"],"special_seed":0,"relics":["Burning Blood","Akabeko","MealTicket","Potion Belt","Orichalcum","Tiny Chest"],"potions_floor_usage":[6,8,16],"damage_taken":[{"damage":0.0,"enemies":"Cultist","floor":1.0,"turns":3.0},{"damage":1.0,"enemies":"2 Louse","floor":3.0,"turns":2.0},{"damage":0.0,"enemies":"Jaw Worm","floor":5.0,"turns":1.0},{"damage":20,"enemies":"3 Sentries","floor":6,"turns":5},{"damage":8,"enemies":"Lagavulin","floor":8,"turns":6},{"damage":29,"enemies":"3 Sentries","floor":10,"turns":8},{"damage":2,"enemies":"Large Slime","floor":11,"turns":6},{"damage":3,"enemies":"Looter","floor":12,"turns":3},{"damage":5,"enemies":"Blue Slaver","floor":13,"turns":2},{"damage":3,"enemies":"Red Slaver","floor":14,"turns":5},{"damage":50,"enemies":"Hexaghost","floor":16,"turns":12}],"seed_played":"-224808108608075287","potions_obtained":[{"floor":1.0,"key":"SkillPotion"},{"floor":5,"key":"BlessingOfTheForge"},{"floor":11,"key":"Energy Potion"},{"floor":14,"key":"Swift Potion"}],"is_trial":false,"path_per_floor":["M","?","M","$","M","E","R","E","T","E","M","M","M","M","R","B"],"character_chosen":"IRONCLAD","items_purchased":["Akabeko","Spot Weakness"],"campfire_rested":0,"item_purchase_floors":[4,4],"current_hp_per_floor":[74,74,75,75,75,61,61,59,59,36,40,43,44,47,47,0],"gold":293,"neow_bonus":"UPGRADE_CARD","is_prod":false,"is_daily":false,"chose_seed":false,"campfire_upgraded":2,"win_rate":0,"timestamp":1630963731,"path_taken":["M","?","M","$","M","E","R","E","T","E","M","M","M","M","R","BOSS"],"build_version":"2020-12-22","purchased_purges":1,"victory":false,"max_hp_per_floor":[75,75,75,75,75,75,75,75,75,75,75,75,75,75,75,75],"card_choices":[{"not_picked":["True Grit","Sentinel"],"picked":"Disarm","floor":1.0},{"not_picked":["Body Slam","Armaments"],"picked":"Sword Boomerang","floor":3.0},{"not_picked":["Rampage","Blood for Blood","Disarm"],"picked":"SKIP","floor":5},{"not_picked":["Flex","Juggernaut"],"picked":"Armaments","floor":6},{"not_picked":["Wild Strike","Uppercut"],"picked":"Feel No Pain","floor":8},{"not_picked":["Feel No Pain","Evolve"],"picked":"Shockwave","floor":10},{"not_picked":["Second Wind","Shrug It Off"],"picked":"Pummel","floor":11},{"not_picked":["Cleave","Second Wind"],"picked":"Whirlwind","floor":12},{"not_picked":["Body Slam","Anger","Heavy Blade"],"picked":"SKIP","floor":13},{"not_picked":["Headbutt","Clothesline"],"picked":"Sword Boomerang","floor":14}],"player_experience":1652066,"relics_obtained":[{"floor":6,"key":"MealTicket"},{"floor":8,"key":"Potion Belt"},{"floor":9,"key":"Orichalcum"},{"floor":10,"key":"Tiny Chest"}],"event_choices":[{"damage_healed":0.0,"max_hp_gain":0.0,"max_hp_loss":0.0,"gold_gain":275.0,"event_name":"Golden Shrine","player_choice":"Desecrate","floor":2.0,"gold_loss":0.0,"damage_taken":0.0,"cards_obtained":["Regret"]}],"is_beta":false,"boss_relics":[],"items_purged_floors":[4],"is_endless":false,"potions_floor_spawned":[1,5,11,14],"killed_by":"Hexaghost","ascension_level":20}