{"gold_per_floor":[114,57,57,68,68,97,97,122,122,132,151,151,184,198,198,270,270,287,8,25,40,40,40,50,75,75,104,115,115,147,167,167,167],"floor_reached":33,"playtime":1961,"items_purged":[],"score":654,"play_id":"d00913e9-629f-4727-b3f5-7028310df5b6","local_time":"20210911120149","is_ascension_mode":true,"campfire_choices":[{"data":"Fiend Fire","floor":7.0,"key":"SMITH"},{"data":"Bash","floor":12.0,"key":"SMITH"},{"data":"Dark Embrace","floor":15,"key":"SMITH"},{"floor":23,"key":"REST"},{"data":"Feel No Pain","floor":29,"key":"SMITH"},{"data":"Pommel Strike","floor":32,"key":"SMITH"}],"neow_cost":"TEN_PERCENT_HP_LOSS","seed_source_timestamp":3074536004386200,"circlet_count":0,"master_deck":["AscendersBane","Strike_R","Strike_R","Strike_R","Strike_R","Strike_R","Defend_R","Defend_R","Defend_R","Defend_R","Bash+1","Fiend Fire+1","Anger","Wild Strike","Pommel Strike+1","Disarm","Dark Embrace+1","Shrug It Off","Spot Weakness","Reaper","Shrug It Off+1","Feel No Pain+1","Reaper","Corruption","Ghostly","Ghostly","Ghostly","Burning Pact","Corruption","Evolve+1","Power Through"],"special_seed":0,"relics":["Burning Blood","Question Card","Ginger","Pear","Pen Nib","Sozu","Membership Card","Pantograph","Shuriken","Letter Opener","Anchor"],"potions_floor_usage":[14],"damage_taken":[{"damage":2.0,"enemies":"2 Louse","floor":1.0,"turns":3.0},{"damage":7.0,"enemies":"Small Slimes","floor":4.0,"turns":2.0},{"damage":30.0,"enemies":"3 Sentries","floor":6.0,"turns":7.0},{"damage":35.0,"enemies":"Lagavulin","floor":8.0,"turns":4.0},{"damage":5.0,"enemies":"Jaw Worm","floor":10.0,"turns":3.0},{"damage":2.0,"enemies":"3 Louse","floor":11.0,"turns":3.0},{"damage":8.0,"enemies":"Gremlin Nob","floor":13.0,"turns":3.0},{"damage":0,"enemies":"Gremlin Gang","floor":14,"turns":2},{"damage":31,"enemies":"Hexaghost","floor":16,"turns":8},{"damage":32,"enemies":"Shell Parasite","floor":18,"turns":5},{"damage":24,"enemies":"2 Thieves","floor":20,"turns":5},{"damage":91,"enemies":"3 Cultists","floor":21,"turns":7},{"damage":6,"enemies":"Centurion and Healer","floor":24,"turns":7},{"damage":1,"enemies":"Gremlin Leader","floor":25,"turns":7},{"damage":26,"enemies":"Slavers","floor":27,"turns":6},{"damage":0,"enemies":"Cultist and Chosen","floor":28,"turns":5},{"damage":17,"enemies":"Book of Stabbing","floor":30,"turns":6},{"damage":3,"enemies":"Shelled Parasite and Fungi","floor":31,"turns":6},{"damage":2,"enemies":"Collector","floor":33,"turns":3}],"seed_played":"-6076884368975166172","potions_obtained":[{"floor":4.0,"key":"Weak Potion"},{"floor":8.0,"key":"SneckoOil"},{"floor":11.0,"key":"Swift Potion"}],"is_trial":false,"path_per_floor":["M","$","?","M","?","E","R","E","T","M","M","R","E","M","R","B",null,"M","$","M","M","?","R","M","E","T","E","M","R","E","M","R","B"],"character_chosen":"IRONCLAD","items_purchased":["Wild Strike","Membership Card","Feel No Pain","Reaper"],"campfire_rested":1,"item_purchase_floors":[2,19,19,19],"current_hp_per_floor":[68,68,68,67,67,43,43,14,24,25,29,29,27,33,33,8,61,46,46,34,7,7,18,39,39,39,19,39,39,39,39,39,37],"gold":167,"neow_bonus":"THREE_RARE_CARDS","is_prod":false,"is_daily":false,"chose_seed":false,"campfire_upgraded":5,"win_rate":0,"timestamp":1631379709,"path_taken":["M","$","?","M","?","E","R","E","T","M","M","R","E","M","R","BOSS","M","$","M","M","?","R","M","E","T","E","M","R","E","M","R","BOSS"],"build_version":"2020-12-22","purchased_purges":0,"victory":false,"max_hp_per_floor":[68,68,68,68,68,68,68,68,78,78,78,78,78,78,78,78,78,78,78,78,78,39,39,39,39,39,39,39,39,39,39,39,39],"card_choices":[{"not_picked":["Berserk","Bludgeon"],"picked":"Fiend Fire","floor":0.0},{"not_picked":["Sword Boomerang","Body Slam"],"picked":"Anger","floor":1.0},{"not_picked":["True Grit","Sentinel"],"picked":"Pommel Strike","floor":4.0},{"not_picked":["Sever Soul","Anger","Clash"],"picked":"SKIP","floor":6.0},{"not_picked":["Havoc","Shrug It Off","Fire Breathing"],"picked":"Disarm","floor":8.0},{"not_picked":["Bloodletting","Exhume","True Grit"],"picked":"Dark Embrace","floor":10.0},{"not_picked":["Heavy Blade","Dropkick","Hemokinesis","Cleave"],"picked":"SKIP","floor":11.0},{"not_picked":["Reckless Charge","Clothesline","Pummel"],"picked":"Shrug It Off","floor":13.0},{"not_picked":["Ghostly Armor","Body Slam","Shrug It Off"],"picked":"Spot Weakness","floor":14},{"not_picked":["Brutality","Juggernaut","Fiend Fire"],"picked":"Reaper","floor":16},{"not_picked":["Clash","Havoc+1","Second Wind+1"],"picked":"Shrug It Off+1","floor":18},{"not_picked":["Flex","Shrug It Off","Clothesline","Iron Wave"],"picked":"SKIP","floor":20},{"not_picked":["Body Slam","Dark Embrace","Heavy Blade"],"picked":"Corruption","floor":21},{"not_picked":["Twin Strike","Cleave","Iron Wave"],"picked":"Burning Pact","floor":24},{"not_picked":["Heavy Blade+1","Thunderclap","Warcry"],"picked":"Corruption","floor":25},{"not_picked":["Hemokinesis+1","Whirlwind","Blood for Blood+1","Heavy Blade"],"picked":"SKIP","floor":27},{"not_picked":["Bloodletting","Havoc","Warcry"],"picked":"Evolve+1","floor":28},{"not_picked":["Seeing Red","Bloodletting","Fire Breathing"],"picked":"Power Through","floor":30},{"not_picked":["Twin Strike","Fire Breathing","Perfected Strike","Rampage"],"picked":"SKIP","floor":31}],"player_experience":1656525,"relics_obtained":[{"floor":6.0,"key":"Question Card"},{"floor":8.0,"key":"Ginger"},{"floor":9.0,"key":"Pear"},{"floor":13.0,"key":"Pen Nib"},{"floor":25,"key":"Pantograph"},{"floor":26,"key":"Shuriken"},{"floor":27,"key":"Letter Opener"},{"floor":30,"key":"Anchor"}],"event_choices":[{"damage_healed":0.0,"max_hp_gain":0.0,"max_hp_loss":0.0,"gold_gain":0.0,"event_name":"Liars Game","player_choice":"Ignored","floor":3.0,"gold_loss":0.0,"damage_taken":0.0},{"damage_healed":0.0,"max_hp_gain":0.0,"max_hp_loss":0.0,"gold_gain":0.0,"event_name":"The Cleric","player_choice":"Leave","floor":5.0,"gold_loss":0.0,"damage_taken":0.0},{"damage_healed":0,"gold_gain":0,"player_choice":"Became a Ghost","damage_taken":0,"max_hp_gain":0,"max_hp_loss":39,"event_name":"Ghosts","floor":22,"gold_loss":0,"cards_obtained":["Ghostly","Ghostly","Ghostly"]}],"is_beta":false,"boss_relics":[{"not_picked":["Runic Dome","Empty Cage"],"picked":"Sozu"}],"items_purged_floors":[],"is_endless":false,"potions_floor_spawned":[4,8,11,18,24,27,31],"killed_by":"Collector","ascension_level":20}