{"gold_per_floor":[364,70,88,98,98,130,130,159,185,185,218,236,269,285,285,358,358,370,389,147,158,158,193,20,51,51,62,62,92,109,119,119,197,197,212,83,108,121,37,63,63,91,118,146,146,157,186,241,241,241,241,241,241,12,44,44],"floor_reached":57,"playtime":3381,"items_purged":["Strike_R","Strike_R","Defend_R"],"score":3016,"play_id":"28a6c5ee-835c-488e-bfd3-1225fa54e6c2","local_time":"20210911112638","is_ascension_mode":true,"campfire_choices":[{"data":"Fiend Fire","floor":10.0,"key":"SMITH"},{"data":"Pommel Strike","floor":15.0,"key":"SMITH"},{"data":"Demon Form","floor":28.0,"key":"SMITH"},{"data":"Reaper","floor":32.0,"key":"SMITH"},{"floor":41.0,"key":"RECALL"},{"floor":45.0,"key":"REST"},{"data":"Strike_R+1","floor":49.0,"key":"PURGE"},{"data":"Disarm","floor":53.0,"key":"SMITH"}],"neow_cost":"PERCENT_DAMAGE","seed_source_timestamp":0,"circlet_count":0,"master_deck":["AscendersBane","Strike_R+1","Defend_R","Defend_R","Defend_R","Bash","Pommel Strike+1","Fiend Fire+1","Shockwave","Demon Form+1","Wild Strike","Flame Barrier","Seeing Red","Battle Trance","Anger","Bloodletting","Battle Trance","Pommel Strike","Seeing Red","Immolate","Battle Trance","Pommel Strike+1","RitualDagger","Shockwave","Armaments+1","Reaper+1","Impervious","Armaments+1","Reaper","Sword Boomerang+1","Disarm+1","Pummel+1"],"special_seed":0,"relics":["Burning Blood","Orrery","Blood Vial","Ancient Tea Set","TungstenRod","Anchor","Magic Flower","Orichalcum","Velvet Choker","Lantern","Art of War","Membership Card","Whetstone","Prayer Wheel","Nunchaku","Runic Pyramid","Brimstone","Peace Pipe","StrikeDummy","Pen Nib","Juzu Bracelet","Happy Flower","FossilizedHelix","Red Skull","Pear","Incense Burner"],"potions_floor_usage":[56,56],"damage_taken":[{"damage":1.0,"enemies":"Cultist","floor":1.0,"turns":3.0},{"damage":1.0,"enemies":"Small Slimes","floor":3.0,"turns":3.0},{"damage":4.0,"enemies":"2 Louse","floor":4.0,"turns":3.0},{"damage":18.0,"enemies":"Lagavulin","floor":6.0,"turns":7.0},{"damage":11.0,"enemies":"Gremlin Nob","floor":8.0,"turns":3.0},{"damage":4.0,"enemies":"3 Sentries","floor":11.0,"turns":4.0},{"damage":2.0,"enemies":"Lots of Slimes","floor":12.0,"turns":4.0},{"damage":7.0,"enemies":"Gremlin Nob","floor":13.0,"turns":3.0},{"damage":0.0,"enemies":"2 Fungi Beasts","floor":14.0,"turns":2.0},{"damage":22.0,"enemies":"Hexaghost","floor":16.0,"turns":6.0},{"damage":0.0,"enemies":"3 Byrds","floor":18.0,"turns":5.0},{"damage":10.0,"enemies":"Chosen","floor":19.0,"turns":4.0},{"damage":6.0,"enemies":"3 Cultists","floor":21.0,"turns":4.0},{"damage":23.0,"enemies":"Slavers","floor":23.0,"turns":3.0},{"damage":0.0,"enemies":"Gremlin Leader","floor":25.0,"turns":4.0},{"damage":0.0,"enemies":"Centurion and Healer","floor":27.0,"turns":3.0},{"damage":17.0,"enemies":"Book of Stabbing","floor":29.0,"turns":3.0},{"damage":16.0,"enemies":"Shelled Parasite and Fungi","floor":30.0,"turns":4.0},{"damage":2.0,"enemies":"Snake Plant","floor":31.0,"turns":3.0},{"damage":26.0,"enemies":"Automaton","floor":33.0,"turns":6.0},{"damage":4.0,"enemies":"3 Darklings","floor":35.0,"turns":4.0},{"damage":8.0,"enemies":"Mind Bloom Boss Battle","floor":37.0,"turns":5.0},{"damage":0.0,"enemies":"Orb Walker","floor":38.0,"turns":2.0},{"damage":8.0,"enemies":"Nemesis","floor":40.0,"turns":3.0},{"damage":89.0,"enemies":"Giant Head","floor":42.0,"turns":7.0},{"damage":3.0,"enemies":"Reptomancer","floor":44.0,"turns":2.0},{"damage":37.0,"enemies":"4 Shapes","floor":46.0,"turns":3.0},{"damage":29.0,"enemies":"Nemesis","floor":47.0,"turns":5.0},{"damage":12.0,"enemies":"2 Orb Walkers","floor":48.0,"turns":3.0},{"damage":34.0,"enemies":"Awakened One","floor":50.0,"turns":8.0},{"damage":53.0,"enemies":"Donu and Deca","floor":51.0,"turns":4.0},{"damage":92.0,"enemies":"Shield and Spear","floor":55.0,"turns":5.0},{"damage":128,"enemies":"The Heart","floor":56,"turns":6}],"seed_played":"-4784595579650753745","potions_obtained":[{"floor":3.0,"key":"ElixirPotion"},{"floor":4.0,"key":"Block Potion"},{"floor":11.0,"key":"PowerPotion"},{"floor":13.0,"key":"Block Potion"},{"floor":14.0,"key":"Fire Potion"},{"floor":16.0,"key":"LiquidMemories"},{"floor":18.0,"key":"ColorlessPotion"},{"floor":19.0,"key":"DuplicationPotion"},{"floor":27.0,"key":"Energy Potion"},{"floor":46.0,"key":"PowerPotion"},{"floor":47.0,"key":"Block Potion"},{"floor":48.0,"key":"Strength Potion"}],"is_trial":false,"path_per_floor":["M","$","M","M","?","E","?","E","T","R","E","M","E","M","R","B",null,"M","M","$","M","?","E","$","E","T","M","R","E","M","M","R","B",null,"M","$","?","M","$","E","R","E","T","E","R","M","E","?","R","B","B",null,"R","$","E","B",null],"character_chosen":"IRONCLAD","items_purchased":["Orrery","Seeing Red","Explosive Potion","Lantern","Membership Card","Brimstone","Disarm","Red Skull","Pear"],"campfire_rested":1,"item_purchase_floors":[2,2,2,20,24,36,39,54,54],"current_hp_per_floor":[55,55,60,62,51,41,41,38,38,38,42,52,57,69,69,59,71,75,74,74,75,70,59,59,71,71,75,75,67,63,73,73,75,75,75,75,75,75,75,75,75,25,25,34,56,31,72,75,75,74,75,75,75,85,85,54],"gold":44,"neow_bonus":"TWO_FIFTY_GOLD","is_prod":false,"is_daily":false,"chose_seed":false,"campfire_upgraded":5,"win_rate":0,"timestamp":1631377598,"path_taken":["M","$","M","?","?","E","?","E","T","R","E","M","E","M","R","BOSS","M","?","$","M","?","E","$","E","T","M","R","E","M","M","R","BOSS","M","$","?","M","$","E","R","E","T","E","R","M","E","?","R","BOSS","BOSS","R","$","E","BOSS"],"build_version":"2020-12-22","purchased_purges":3,"victory":true,"max_hp_per_floor":[75,75,75,75,75,75,75,75,75,75,75,75,75,75,75,75,75,75,75,75,75,75,75,75,75,75,75,75,75,75,75,75,75,75,75,75,75,75,75,75,75,75,75,75,75,75,75,75,75,75,75,75,75,85,85,85],"card_choices":[{"not_picked":["Thunderclap","Shockwave"],"picked":"Pommel Strike","floor":1.0},{"not_picked":["Shrug It Off","Heavy Blade"],"picked":"Fiend Fire","floor":2.0},{"not_picked":["Body Slam","Fire Breathing"],"picked":"Shockwave","floor":2.0},{"not_picked":["Entrench","Cleave"],"picked":"Demon Form","floor":2.0},{"not_picked":["Uppercut","Infernal Blade"],"picked":"Wild Strike","floor":2.0},{"not_picked":["Clash","Thunderclap"],"picked":"Flame Barrier","floor":2.0},{"not_picked":["Wild Strike","Burning Pact"],"picked":"Battle Trance","floor":3.0},{"not_picked":["Clothesline","Carnage"],"picked":"Anger","floor":4.0},{"not_picked":["Metallicize","Clothesline"],"picked":"Bloodletting","floor":6.0},{"not_picked":["Havoc","Infernal Blade"],"picked":"Battle Trance","floor":8.0},{"not_picked":["Havoc","Second Wind"],"picked":"Pommel Strike","floor":11.0},{"not_picked":["Warcry","Heavy Blade","Berserk"],"picked":"SKIP","floor":12.0},{"not_picked":["Rampage","Twin Strike","Clothesline"],"picked":"SKIP","floor":13.0},{"not_picked":["Rage","Armaments"],"picked":"Seeing Red","floor":14.0},{"not_picked":["Berserk","Limit Break"],"picked":"Immolate","floor":16.0},{"not_picked":["Shockwave","Dark Embrace","Uppercut"],"picked":"SKIP","floor":18.0},{"not_picked":["Sword Boomerang","Anger"],"picked":"Battle Trance","floor":19.0},{"not_picked":["Headbutt","Clash+1"],"picked":"Pommel Strike+1","floor":21.0},{"not_picked":["Combust","Thunderclap","Infernal Blade"],"picked":"SKIP","floor":23.0},{"not_picked":["Sword Boomerang","Havoc","Clash+1"],"picked":"SKIP","floor":25.0},{"not_picked":["Body Slam","Combust"],"picked":"Shockwave","floor":27.0},{"not_picked":["Heavy Blade","Pummel","Bloodletting"],"picked":"SKIP","floor":27.0},{"not_picked":["Blood for Blood","Headbutt","Perfected Strike"],"picked":"SKIP","floor":29.0},{"not_picked":["Dual Wield","Heavy Blade"],"picked":"Armaments+1","floor":30.0},{"not_picked":["Blood for Blood","Iron Wave+1","Rampage"],"picked":"SKIP","floor":30.0},{"not_picked":["Armaments","Warcry"],"picked":"Reaper","floor":31.0},{"not_picked":["Thunderclap","True Grit","Power Through"],"picked":"SKIP","floor":31.0},{"not_picked":["Juggernaut","Demon Form"],"picked":"Impervious","floor":33.0},{"not_picked":["Perfected Strike","Dark Embrace"],"picked":"Armaments+1","floor":35.0},{"not_picked":["Body Slam+1","Anger","Rampage"],"picked":"SKIP","floor":35.0},{"not_picked":["Dropkick","Burning Pact"],"picked":"Reaper","floor":38.0},{"not_picked":["Twin Strike","Dropkick"],"picked":"Sword Boomerang+1","floor":38.0},{"not_picked":["Perfected Strike","Iron Wave","Exhume"],"picked":"SKIP","floor":40.0},{"not_picked":["Body Slam","Clash","Metallicize+1"],"picked":"SKIP","floor":42.0},{"not_picked":["Infernal Blade+1","Rupture"],"picked":"Pummel+1","floor":44.0},{"not_picked":["Searing Blow","Clash+1","Sever Soul"],"picked":"SKIP","floor":46.0},{"not_picked":["Anger","Shockwave","Clash"],"picked":"SKIP","floor":46.0},{"not_picked":["Inflame","Rampage","Searing Blow+1"],"picked":"SKIP","floor":47.0},{"not_picked":["Pommel Strike","Sword Boomerang","Headbutt"],"picked":"SKIP","floor":55.0}],"player_experience":1653144,"relics_obtained":[{"floor":6.0,"key":"Ancient Tea Set"},{"floor":8.0,"key":"TungstenRod"},{"floor":9.0,"key":"Anchor"},{"floor":11.0,"key":"Magic Flower"},{"floor":13.0,"key":"Orichalcum"},{"floor":23.0,"key":"Art of War"},{"floor":25.0,"key":"Whetstone"},{"floor":26.0,"key":"Prayer Wheel"},{"floor":29.0,"key":"Nunchaku"},{"floor":37.0,"key":"Peace Pipe"},{"floor":40.0,"key":"StrikeDummy"},{"floor":42.0,"key":"Pen Nib"},{"floor":44.0,"key":"Juzu Bracelet"},{"floor":47.0,"key":"Happy Flower"},{"floor":48.0,"key":"FossilizedHelix"},{"floor":55.0,"key":"Incense Burner"}],"event_choices":[{"damage_healed":0.0,"max_hp_gain":0.0,"max_hp_loss":0.0,"gold_gain":0.0,"event_name":"Scrap Ooze","player_choice":"Success","floor":5.0,"gold_loss":0.0,"damage_taken":11.0,"relics_obtained":["Blood Vial"]},{"cards_removed":["Strike_R"],"damage_healed":0.0,"max_hp_gain":0.0,"max_hp_loss":0.0,"gold_gain":0.0,"event_name":"Bonfire Elementals","player_choice":"Offered Basic","floor":7.0,"gold_loss":0.0,"damage_taken":0.0},{"damage_healed":0.0,"max_hp_gain":0.0,"max_hp_loss":0.0,"gold_gain":0.0,"event_name":"Nest","player_choice":"Joined the Cult","floor":22.0,"gold_loss":0.0,"damage_taken":6.0,"cards_obtained":["RitualDagger"]},{"damage_healed":0.0,"max_hp_gain":0.0,"max_hp_loss":0.0,"gold_gain":0.0,"event_name":"MindBloom","player_choice":"Fight","floor":37.0,"gold_loss":0.0,"damage_taken":0.0},{"damage_healed":0.0,"max_hp_gain":0.0,"max_hp_loss":0.0,"gold_gain":0.0,"event_name":"Mysterious Sphere","player_choice":"Fight","floor":48.0,"gold_loss":0.0,"damage_taken":0.0}],"is_beta":false,"boss_relics":[{"not_picked":["Tiny House","Sozu"],"picked":"Velvet Choker"},{"not_picked":["Runic Cube","Calling Bell"],"picked":"Runic Pyramid"}],"items_purged_floors":[20,36,39],"is_endless":false,"potions_floor_spawned":[3,4,11,13,14,16,18,19,27,31,35,46,47,48],"ascension_level":20}