{"gold_per_floor":[114,129,145,164,21,47,47,66,66,100,116,141,141,151,151,223,223,143,58,58,58,58,58,58,58,58,58,58,58,58,1,1,1,1,1,1,1,1,1,1,1,1,1,1,1,1,1,1,1,1,1,1,1,1,1,1],"floor_reached":56,"playtime":3962,"items_purged":[],"score":2577,"play_id":"163eeeae-385e-40bb-843e-e7df05812d0a","local_time":"20210927230620","is_ascension_mode":true,"campfire_choices":[{"data":"Whirlwind","floor":7.0,"key":"SMITH"},{"data":"Juggernaut","floor":15.0,"key":"SMITH"},{"data":"Flame Barrier","floor":24.0,"key":"SMITH"},{"data":"Battle Trance","floor":27.0,"key":"SMITH"},{"data":"Shrug It Off","floor":32.0,"key":"SMITH"},{"data":"Impervious","floor":44.0,"key":"SMITH"},{"floor":49.0,"key":"RECALL"},{"data":"Offering","floor":53.0,"key":"SMITH"}],"neow_cost":"NONE","seed_source_timestamp":4492232563091700,"circlet_count":0,"master_deck":["AscendersBane","Defend_R+1","Defend_R+1","Defend_R+1","Defend_R+1","Bash","Flame Barrier+1","Whirlwind+1","Hemokinesis","Power Through","Shrug It Off+1","Shrug It Off","Juggernaut+1","Offering+1","True Grit+1","Battle Trance+1","Ghostly Armor","Burning Pact","Bite","Bite","Bite","Bite","Bite","Pommel Strike+1","Shrug It Off","Corruption","Perfected Strike+1","Body Slam+1","Feed+1","Shrug It Off","Iron Wave+1","Warcry+1","Impervious+1","Shrug It Off","Shrug It Off","Pommel Strike+1","Entrench+1","Shrug It Off+1"],"special_seed":0,"relics":["Burning Blood","Calipers","Du-Vu Doll","Bottled Lightning","Thread and Needle","Ectoplasm","Prayer Wheel","Lantern","Sundial","Gambling Chip","Astrolabe","Toy Ornithopter","Molten Egg 2","Ancient Tea Set","Akabeko"],"potions_floor_usage":[],"damage_taken":[{"damage":7.0,"enemies":"Small Slimes","floor":1.0,"turns":3.0},{"damage":3.0,"enemies":"2 Louse","floor":2.0,"turns":4.0},{"damage":9.0,"enemies":"Jaw Worm","floor":3.0,"turns":5.0},{"damage":14.0,"enemies":"Red Slaver","floor":4.0,"turns":3.0},{"damage":21.0,"enemies":"3 Sentries","floor":6.0,"turns":7.0},{"damage":13.0,"enemies":"2 Fungi Beasts","floor":8.0,"turns":3.0},{"damage":15.0,"enemies":"Gremlin Nob","floor":10.0,"turns":3.0},{"damage":0.0,"enemies":"Gremlin Gang","floor":11.0,"turns":1.0},{"damage":12.0,"enemies":"3 Sentries","floor":12.0,"turns":8.0},{"damage":0.0,"enemies":"Lots of Slimes","floor":14.0,"turns":2.0},{"damage":2.0,"enemies":"The Guardian","floor":16.0,"turns":12.0},{"damage":10.0,"enemies":"2 Thieves","floor":18.0,"turns":4.0},{"damage":8.0,"enemies":"Spheric Guardian","floor":21.0,"turns":3.0},{"damage":10.0,"enemies":"Centurion and Healer","floor":22.0,"turns":6.0},{"damage":17.0,"enemies":"Book of Stabbing","floor":23.0,"turns":5.0},{"damage":23.0,"enemies":"Slavers","floor":25.0,"turns":4.0},{"damage":13.0,"enemies":"Snecko","floor":30.0,"turns":6.0},{"damage":12.0,"enemies":"Automaton","floor":33.0,"turns":12.0},{"damage":6.0,"enemies":"3 Shapes","floor":35.0,"turns":4.0},{"damage":14.0,"enemies":"Orb Walker","floor":36.0,"turns":4.0},{"damage":6.0,"enemies":"Spire Growth","floor":37.0,"turns":5.0},{"damage":19.0,"enemies":"Maw","floor":39.0,"turns":7.0},{"damage":8.0,"enemies":"Nemesis","floor":40.0,"turns":5.0},{"damage":6.0,"enemies":"Transient","floor":41.0,"turns":6.0},{"damage":6.0,"enemies":"Giant Head","floor":42.0,"turns":6.0},{"damage":6.0,"enemies":"3 Darklings","floor":45.0,"turns":2.0},{"damage":50.0,"enemies":"Nemesis","floor":46.0,"turns":7.0},{"damage":6.0,"enemies":"Maw","floor":47.0,"turns":7.0},{"damage":6.0,"enemies":"Time Eater","floor":50.0,"turns":10.0},{"damage":6.0,"enemies":"Awakened One","floor":51.0,"turns":6.0},{"damage":16.0,"enemies":"Shield and Spear","floor":55.0,"turns":6.0},{"damage":27,"enemies":"The Heart","floor":56,"turns":6}],"seed_played":"4943593097738974516","potions_obtained":[{"floor":2.0,"key":"Swift Potion"},{"floor":3.0,"key":"Ancient Potion"},{"floor":10.0,"key":"DuplicationPotion"},{"floor":18.0,"key":"HeartOfIron"},{"floor":23.0,"key":"Dexterity Potion"},{"floor":55.0,"key":"ElixirPotion"}],"is_trial":false,"path_per_floor":["M","M","M","M","$","E","R","M","T","E","M","E","?","M","R","B",null,"M","?","?","M","M","E","R","E","T","R","?","?","M","$","R","B",null,"M","M","M","?","M","E","M","E","T","R","M","E","M","$","R","B","B",null,"R","$","E","B"],"character_chosen":"IRONCLAD","items_purchased":["Power Through","Shrug It Off","Shrug It Off"],"campfire_rested":0,"item_purchase_floors":[5,5,31],"current_hp_per_floor":[74,77,74,66,66,51,51,44,44,35,41,35,35,41,41,45,73,69,69,69,67,63,52,52,35,35,35,35,35,40,40,40,57,57,61,55,61,61,61,61,61,65,65,65,65,37,51,51,51,65,65,65,65,65,65,38],"gold":1,"neow_bonus":"TEN_PERCENT_HP_BONUS","is_prod":false,"is_daily":false,"chose_seed":false,"campfire_upgraded":7,"win_rate":0,"timestamp":1632801980,"path_taken":["M","M","M","M","$","E","R","M","T","E","M","E","?","M","R","BOSS","M","?","?","M","M","E","R","E","T","R","?","?","?","?","R","BOSS","M","M","M","?","M","E","M","E","T","R","?","E","?","?","R","BOSS","BOSS","R","$","E","BOSS"],"build_version":"2020-12-22","purchased_purges":0,"victory":false,"max_hp_per_floor":[82,82,82,82,82,82,82,82,82,82,82,82,82,82,82,82,82,82,82,82,82,82,82,82,82,82,82,57,57,57,57,57,57,57,61,61,61,61,61,61,61,65,65,65,65,65,65,65,65,65,65,65,65,65,65,65],"card_choices":[{"not_picked":["Pommel Strike","Metallicize"],"picked":"Flame Barrier","floor":1.0},{"not_picked":["Metallicize","Body Slam"],"picked":"Whirlwind","floor":2.0},{"not_picked":["Sword Boomerang","Dropkick"],"picked":"Clash","floor":3.0},{"not_picked":["True Grit","Warcry"],"picked":"Hemokinesis","floor":4.0},{"not_picked":["Twin Strike","Reckless Charge"],"picked":"Shrug It Off","floor":6.0},{"not_picked":["Havoc","Warcry"],"picked":"Double Tap","floor":8.0},{"not_picked":["Warcry","Cleave","Armaments"],"picked":"SKIP","floor":10.0},{"not_picked":["Warcry","Dropkick","Feel No Pain"],"picked":"SKIP","floor":11.0},{"not_picked":["Wild Strike","Feel No Pain"],"picked":"Juggernaut","floor":12.0},{"not_picked":["Thunderclap","Heavy Blade","Clash"],"picked":"SKIP","floor":14.0},{"not_picked":["Bludgeon","Immolate"],"picked":"Offering","floor":16.0},{"not_picked":["Cleave","Rupture"],"picked":"True Grit+1","floor":18.0},{"not_picked":["Pommel Strike","Carnage","Cleave+1"],"picked":"SKIP","floor":21.0},{"not_picked":["Warcry","Body Slam","Headbutt+1"],"picked":"SKIP","floor":21.0},{"not_picked":["Cleave","Sword Boomerang","Dual Wield"],"picked":"SKIP","floor":22.0},{"not_picked":["Dropkick","Flex","Heavy Blade"],"picked":"SKIP","floor":22.0},{"not_picked":["Havoc","Sentinel"],"picked":"Ghostly Armor","floor":23.0},{"not_picked":["Intimidate","Brutality"],"picked":"Burning Pact","floor":25.0},{"not_picked":["Seeing Red+1","Infernal Blade"],"picked":"Pommel Strike+1","floor":30.0},{"not_picked":["Flex","Perfected Strike","Twin Strike"],"picked":"SKIP","floor":30.0},{"not_picked":["Feed","Brutality"],"picked":"Corruption","floor":33.0},{"not_picked":["Pommel Strike","Headbutt"],"picked":"Shrug It Off","floor":35.0},{"not_picked":["Sword Boomerang+1","Feed"],"picked":"Iron Wave+1","floor":35.0},{"not_picked":["Clothesline","Armaments"],"picked":"Warcry+1","floor":36.0},{"not_picked":["Sever Soul+1","Perfected Strike","Bloodletting+1"],"picked":"SKIP","floor":36.0},{"not_picked":["Havoc","Ghostly Armor+1","Bloodletting"],"picked":"SKIP","floor":37.0},{"not_picked":["Twin Strike","Carnage","Headbutt+1"],"picked":"SKIP","floor":37.0},{"not_picked":["Cleave","True Grit","Perfected Strike"],"picked":"SKIP","floor":39.0},{"not_picked":["Iron Wave","Second Wind","Intimidate"],"picked":"SKIP","floor":39.0},{"not_picked":["Inflame+1","Bloodletting+1","Seeing Red+1"],"picked":"SKIP","floor":40.0},{"not_picked":["Carnage+1","Body Slam+1"],"picked":"Impervious","floor":41.0},{"not_picked":["Heavy Blade","Twin Strike","Flex+1"],"picked":"SKIP","floor":41.0},{"not_picked":["Spot Weakness","Flex+1"],"picked":"Shrug It Off","floor":42.0},{"not_picked":["Disarm","Hemokinesis+1"],"picked":"Shrug It Off","floor":45.0},{"not_picked":["Headbutt+1","Metallicize"],"picked":"Pommel Strike+1","floor":45.0},{"not_picked":["Pommel Strike+1","Evolve+1"],"picked":"Entrench+1","floor":46.0},{"not_picked":["Anger+1","Twin Strike+1","Perfected Strike+1"],"picked":"SKIP","floor":47.0},{"not_picked":["Second Wind","Armaments","Sword Boomerang+1"],"picked":"SKIP","floor":47.0},{"not_picked":["Havoc","Armaments"],"picked":"Shrug It Off+1","floor":55.0}],"player_experience":1714032,"relics_obtained":[{"floor":6.0,"key":"Calipers"},{"floor":9.0,"key":"Du-Vu Doll"},{"floor":10.0,"key":"Bottled Lightning"},{"floor":12.0,"key":"Thread and Needle"},{"floor":23.0,"key":"Lantern"},{"floor":25.0,"key":"Sundial"},{"floor":26.0,"key":"Gambling Chip"},{"floor":40.0,"key":"Toy Ornithopter"},{"floor":42.0,"key":"Molten Egg 2"},{"floor":46.0,"key":"Ancient Tea Set"},{"floor":55.0,"key":"Akabeko"}],"event_choices":[{"damage_healed":0.0,"max_hp_gain":0.0,"max_hp_loss":0.0,"gold_gain":0.0,"event_name":"Liars Game","player_choice":"Ignored","floor":13.0,"gold_loss":0.0,"damage_taken":0.0},{"damage_healed":0.0,"max_hp_gain":0.0,"max_hp_loss":0.0,"gold_gain":0.0,"event_name":"Addict","player_choice":"Obtained Relic","floor":19.0,"gold_loss":85.0,"damage_taken":0.0,"relics_obtained":["Prayer Wheel"]},{"damage_healed":0.0,"max_hp_gain":0.0,"max_hp_loss":0.0,"gold_gain":0.0,"cards_transformed":["Strike_R","Strike_R"],"event_name":"Drug Dealer","player_choice":"Became Test Subject","floor":20.0,"gold_loss":0.0,"damage_taken":0.0,"cards_obtained":["Battle Trance","Clash"]},{"damage_healed":0.0,"max_hp_gain":0.0,"max_hp_loss":25.0,"gold_gain":0.0,"event_name":"Vampires","player_choice":"Became a vampire","floor":28.0,"gold_loss":0.0,"damage_taken":0.0,"cards_obtained":["Bite","Bite","Bite","Bite","Bite"]},{"damage_healed":0.0,"max_hp_gain":0.0,"max_hp_loss":0.0,"gold_gain":0.0,"event_name":"Back to Basics","player_choice":"Simplicity","floor":29.0,"gold_loss":0.0,"damage_taken":0.0,"cards_upgraded":["Defend_R","Defend_R","Defend_R","Defend_R"]},{"damage_healed":0.0,"max_hp_gain":0.0,"max_hp_loss":0.0,"gold_gain":0.0,"event_name":"Lab","player_choice":"Got Potions","floor":38.0,"gold_loss":0.0,"damage_taken":0.0}],"is_beta":false,"boss_relics":[{"not_picked":["Black Blood","Empty Cage"],"picked":"Ectoplasm"},{"not_picked":["Sozu","Cursed Key"],"picked":"Astrolabe"}],"items_purged_floors":[],"is_endless":false,"potions_floor_spawned":[2,3,10,16,18,23,39,41,42,45,55],"killed_by":"The Heart","ascension_level":20}