{"gold_per_floor":[114,114,114,125,141,176,176,211,211,243,253,253,46,66,66,159,159,172,195,216,216,252,252,290,313,313,313,203,239,139,182,182,273,273,291,306,21,35,35,78,78,117,117,133,154,154,177,221,221,221,221],"floor_reached":51,"playtime":2994,"items_purged":["Perfected Strike","Strike_R","Whirlwind"],"score":1580,"play_id":"17a363ce-1a65-4d95-8508-7a5c2046f0dc","local_time":"20210920225645","is_ascension_mode":true,"campfire_choices":[{"data":"Immolate","floor":7.0,"key":"SMITH"},{"data":"Bash","floor":15.0,"key":"SMITH"},{"floor":23.0,"key":"REST"},{"data":"Inflame","floor":27.0,"key":"SMITH"},{"floor":32.0,"key":"DIG"},{"data":"Demon Form","floor":46.0,"key":"SMITH"},{"floor":49,"key":"RECALL"}],"neow_cost":"NONE","seed_source_timestamp":3890344919961000,"circlet_count":0,"master_deck":["AscendersBane","Bash+1","Burning Pact+1","Inflame+1","Immolate+1","Impervious","Anger","Ghostly Armor","Reaper","Sword Boomerang","Armaments+1","Shockwave","Offering","Pummel","Demon Form+1","Double Tap","Offering","Sword Boomerang","Headbutt","Thunderclap","Sentinel","Bloodletting","Dropkick+1","Limit Break","Normality","Pommel Strike+1"],"special_seed":0,"relics":["Burning Blood","PreservedInsect","Ornamental Fan","Art of War","Red Skull","Golden Idol","Cursed Key","Red Mask","Sundial","Mummified Hand","Regal Pillow","Shovel","Bag of Preparation","Pandora\u0027s Box","ClockworkSouvenir","HornCleat","Eternal Feather","Bottled Tornado","StrikeDummy"],"potions_floor_usage":[48,50],"damage_taken":[{"damage":2.0,"enemies":"2 Louse","floor":1.0,"turns":4.0},{"damage":7.0,"enemies":"Jaw Worm","floor":4.0,"turns":4.0},{"damage":5.0,"enemies":"Small Slimes","floor":5.0,"turns":4.0},{"damage":15.0,"enemies":"Lagavulin","floor":6.0,"turns":5.0},{"damage":8.0,"enemies":"Gremlin Nob","floor":8.0,"turns":3.0},{"damage":15.0,"enemies":"Lagavulin","floor":10.0,"turns":4.0},{"damage":0.0,"enemies":"Blue Slaver","floor":11.0,"turns":2.0},{"damage":3.0,"enemies":"Looter","floor":14.0,"turns":3.0},{"damage":17.0,"enemies":"Hexaghost","floor":16.0,"turns":8.0},{"damage":26.0,"enemies":"Shell Parasite","floor":18.0,"turns":5.0},{"damage":14.0,"enemies":"Chosen","floor":19.0,"turns":4.0},{"damage":40.0,"enemies":"Shelled Parasite and Fungi","floor":20.0,"turns":5.0},{"damage":34.0,"enemies":"Masked Bandits","floor":22.0,"turns":3.0},{"damage":13.0,"enemies":"Gremlin Leader","floor":24.0,"turns":4.0},{"damage":45.0,"enemies":"Cultist and Chosen","floor":25.0,"turns":5.0},{"damage":6.0,"enemies":"Slavers","floor":29.0,"turns":2.0},{"damage":12.0,"enemies":"Gremlin Leader","floor":31.0,"turns":4.0},{"damage":33.0,"enemies":"Automaton","floor":33.0,"turns":6.0},{"damage":11.0,"enemies":"Orb Walker","floor":35.0,"turns":2.0},{"damage":17.0,"enemies":"3 Shapes","floor":36.0,"turns":1.0},{"damage":45.0,"enemies":"Writhing Mass","floor":38.0,"turns":5.0},{"damage":6.0,"enemies":"Reptomancer","floor":40.0,"turns":3.0},{"damage":16.0,"enemies":"Giant Head","floor":42.0,"turns":3.0},{"damage":39.0,"enemies":"Transient","floor":44.0,"turns":6.0},{"damage":15.0,"enemies":"Jaw Worm Horde","floor":45.0,"turns":4.0},{"damage":58.0,"enemies":"4 Shapes","floor":47.0,"turns":5.0},{"damage":46,"enemies":"Reptomancer","floor":48,"turns":4},{"damage":79,"enemies":"Awakened One","floor":50,"turns":7},{"damage":12,"enemies":"Time Eater","floor":51,"turns":1}],"seed_played":"4167122093364599033","potions_obtained":[{"floor":0.0,"key":"SpeedPotion"},{"floor":0.0,"key":"Energy Potion"},{"floor":1.0,"key":"Fruit Juice"},{"floor":5.0,"key":"SkillPotion"},{"floor":8.0,"key":"SkillPotion"},{"floor":14.0,"key":"Regen Potion"},{"floor":18.0,"key":"Swift Potion"},{"floor":20.0,"key":"SmokeBomb"},{"floor":29.0,"key":"FairyPotion"},{"floor":36.0,"key":"EssenceOfSteel"},{"floor":44.0,"key":"SteroidPotion"},{"floor":48,"key":"FearPotion"}],"is_trial":false,"path_per_floor":["M","?","?","M","M","E","R","E","T","E","M","?","$","M","R","B",null,"M","M","M","?","?","R","E","M","T","R","?","E","$","E","R","B",null,"M","M","$","M","?","E","?","E","T","M","M","R","M","E","R","B","B"],"character_chosen":"IRONCLAD","items_purchased":["Anger","Ghostly Armor","ClockworkSouvenir"],"campfire_rested":1,"item_purchase_floors":[13,13,37],"current_hp_per_floor":[72,49,49,48,54,45,45,43,43,34,40,12,12,15,15,19,65,45,47,17,17,16,40,54,23,23,23,23,23,23,27,27,16,64,69,76,76,63,63,77,77,80,80,59,62,77,56,52,67,18,6],"gold":221,"neow_bonus":"THREE_SMALL_POTIONS","is_prod":false,"is_daily":false,"chose_seed":false,"campfire_upgraded":4,"win_rate":0,"timestamp":1632196605,"path_taken":["M","?","?","M","?","E","R","E","T","E","M","?","$","M","R","BOSS","M","M","M","?","?","R","E","M","T","R","?","E","$","E","R","BOSS","M","M","$","M","?","E","?","E","T","M","M","R","M","E","R","BOSS","BOSS"],"build_version":"2020-12-22","purchased_purges":3,"victory":false,"max_hp_per_floor":[75,75,75,75,80,80,80,80,80,80,80,80,80,80,80,80,80,80,80,80,80,80,80,80,80,80,80,80,80,80,80,80,80,80,80,80,80,80,80,80,80,80,80,80,80,80,80,80,80,80,80],"card_choices":[{"not_picked":["Dropkick","Burning Pact"],"picked":"Perfected Strike","floor":1.0},{"not_picked":["Flex","Sever Soul"],"picked":"Burning Pact","floor":4.0},{"not_picked":["Infernal Blade","Clothesline"],"picked":"Inflame","floor":5.0},{"not_picked":["Dropkick","Brutality"],"picked":"Immolate","floor":6.0},{"not_picked":["Rage","Clothesline"],"picked":"Impervious","floor":8.0},{"not_picked":["Clothesline","Dark Embrace","Fire Breathing"],"picked":"SKIP","floor":10.0},{"not_picked":["Hemokinesis","Seeing Red"],"picked":"Havoc","floor":11.0},{"not_picked":["Havoc","Clothesline","Reckless Charge"],"picked":"SKIP","floor":14.0},{"not_picked":["Barricade","Juggernaut"],"picked":"Reaper","floor":16.0},{"not_picked":["Perfected Strike","Clothesline"],"picked":"Sword Boomerang","floor":18.0},{"not_picked":["Perfected Strike","Clothesline","Combust"],"picked":"SKIP","floor":19.0},{"not_picked":["Wild Strike","Disarm"],"picked":"Armaments+1","floor":20.0},{"not_picked":["Iron Wave","Shockwave"],"picked":"Offering","floor":22.0},{"not_picked":["Pommel Strike","Flex"],"picked":"Pummel","floor":24.0},{"not_picked":["Sever Soul","Inflame","Searing Blow"],"picked":"SKIP","floor":25.0},{"not_picked":["Hemokinesis","Warcry","Havoc"],"picked":"SKIP","floor":29.0},{"not_picked":["Dropkick","Armaments","Thunderclap"],"picked":"SKIP","floor":31.0},{"not_picked":["Fiend Fire","Feed"],"picked":"Demon Form","floor":33.0},{"not_picked":["Havoc","Pommel Strike"],"picked":"Dropkick+1","floor":35.0},{"not_picked":["Anger","Clash","Clothesline"],"picked":"SKIP","floor":36.0},{"not_picked":["Flex","Twin Strike+1","Armaments"],"picked":"SKIP","floor":38.0},{"not_picked":["True Grit","Warcry"],"picked":"Limit Break","floor":40.0},{"not_picked":["Warcry","Clothesline","Flex"],"picked":"SKIP","floor":42.0},{"not_picked":["Heavy Blade","Flex"],"picked":"Pommel Strike+1","floor":44.0},{"not_picked":["Iron Wave+1","Pummel","Metallicize"],"picked":"SKIP","floor":45.0},{"not_picked":["Anger","Headbutt+1","Sentinel"],"picked":"SKIP","floor":47.0},{"not_picked":["Perfected Strike","Anger","True Grit"],"picked":"SKIP","floor":48}],"player_experience":1669756,"relics_obtained":[{"floor":6.0,"key":"PreservedInsect"},{"floor":8.0,"key":"Ornamental Fan"},{"floor":9.0,"key":"Art of War"},{"floor":10.0,"key":"Red Skull"},{"floor":22.0,"key":"Red Mask"},{"floor":24.0,"key":"Sundial"},{"floor":26.0,"key":"Mummified Hand"},{"floor":29.0,"key":"Regal Pillow"},{"floor":31.0,"key":"Shovel"},{"floor":32.0,"key":"Bag of Preparation"},{"floor":40.0,"key":"HornCleat"},{"floor":42.0,"key":"Bottled Tornado"},{"floor":48,"key":"StrikeDummy"}],"event_choices":[{"damage_healed":0.0,"max_hp_gain":0.0,"max_hp_loss":0.0,"gold_gain":0.0,"event_name":"Shining Light","player_choice":"Entered Light","floor":2.0,"gold_loss":0.0,"damage_taken":23.0,"cards_upgraded":["Strike_R","Strike_R"]},{"damage_healed":0.0,"max_hp_gain":0.0,"max_hp_loss":0.0,"gold_gain":0.0,"event_name":"Golden Wing","player_choice":"Ignored","floor":3.0,"gold_loss":0.0,"damage_taken":0.0},{"damage_healed":0.0,"max_hp_gain":0.0,"max_hp_loss":0.0,"gold_gain":0.0,"event_name":"Golden Idol","player_choice":"Take Damage","floor":12.0,"gold_loss":0.0,"damage_taken":28.0,"relics_obtained":["Golden Idol"]},{"damage_healed":0.0,"max_hp_gain":0.0,"max_hp_loss":0.0,"gold_gain":0.0,"event_name":"The Library","player_choice":"Read","floor":21.0,"gold_loss":0.0,"damage_taken":0.0,"cards_obtained":["Shockwave"]},{"damage_healed":0.0,"max_hp_gain":0.0,"max_hp_loss":0.0,"gold_gain":0.0,"event_name":"Masked Bandits","player_choice":"Fought Bandits","floor":22.0,"gold_loss":0.0,"damage_taken":0.0},{"cards_removed":["Decay"],"damage_healed":0.0,"max_hp_gain":0.0,"max_hp_loss":0.0,"gold_gain":0.0,"event_name":"Designer","player_choice":"Upgrade and Remove","floor":28.0,"gold_loss":110.0,"damage_taken":0.0,"cards_upgraded":["Burning Pact"]},{"cards_removed":["Havoc"],"damage_healed":0.0,"max_hp_gain":0.0,"max_hp_loss":0.0,"gold_gain":0.0,"event_name":"Falling","player_choice":"Removed Skill","floor":39.0,"gold_loss":0.0,"damage_taken":0.0},{"damage_healed":0.0,"max_hp_gain":0.0,"max_hp_loss":0.0,"gold_gain":0.0,"event_name":"WeMeetAgain","player_choice":"Gave Potion","floor":41.0,"gold_loss":0.0,"damage_taken":0.0,"relics_obtained":["Eternal Feather"]}],"is_beta":false,"boss_relics":[{"not_picked":["Black Blood","Astrolabe"],"picked":"Cursed Key"},{"not_picked":["Coffee Dripper","Black Star"],"picked":"Pandora\u0027s Box"}],"items_purged_floors":[13,30,37],"is_endless":false,"potions_floor_spawned":[1,5,8,14,18,20,29,36,44,47,48],"killed_by":"Time Eater","ascension_level":20}