{"gold_per_floor":[15,32,50,50,10,39,39,67,122,151,168,187,187,201,201,277,277,294,70,70,89,106,135,135,161,185,185,199,199,6,26,26,105,105,122,0,12,12,29,29,54,88,88,98,98,98,131,131,131,131,131,131,131,76,111,111],"floor_reached":57,"playtime":4219,"items_purged":["Strike_R"],"score":2890,"play_id":"8f7c9c86-f769-45cb-b032-66b03bdc2ac0","local_time":"20210922223249","is_ascension_mode":true,"campfire_choices":[{"data":"Whirlwind","floor":7.0,"key":"SMITH"},{"data":"Bash","floor":13.0,"key":"SMITH"},{"data":"Flame Barrier","floor":15.0,"key":"SMITH"},{"data":"Feel No Pain","floor":24.0,"key":"SMITH"},{"data":"Barricade","floor":27.0,"key":"SMITH"},{"data":"Pommel Strike","floor":29.0,"key":"SMITH"},{"data":"Corruption","floor":32.0,"key":"SMITH"},{"data":"Defend_R","floor":40.0,"key":"SMITH"},{"floor":49.0,"key":"RECALL"},{"data":"1","floor":53.0,"key":"LIFT"}],"neow_cost":"NO_GOLD","seed_source_timestamp":4058227730526200,"circlet_count":0,"master_deck":["AscendersBane","Defend_R","Defend_R","Defend_R+1","Bash+1","Pommel Strike+1","Flame Barrier+1","Whirlwind+1","Disarm+1","Shrug It Off+1","Corruption+1","Disarm+1","Fiend Fire+1","Immolate+1","Sever Soul+1","Dual Wield+1","Bloodletting+1","True Grit+1","True Grit+1","Feel No Pain+1","Barricade+1","Dropkick","Warcry+1","Flash of Steel","Reaper","Battle Trance+1","Madness+1","Madness+1","Disarm+1","Body Slam+1","Shrug It Off+1","True Grit+1","Dark Shackles+1","Shrug It Off+1"],"special_seed":0,"relics":["Burning Blood","Toxic Egg 2","Boot","Ancient Tea Set","Art of War","Mercury Hourglass","Astrolabe","Lantern","Strawberry","TungstenRod","Cursed Key","Red Mask","Girya","Pantograph","Molten Egg 2","Ginger"],"potions_floor_usage":[56,56],"damage_taken":[{"damage":6.0,"enemies":"Cultist","floor":1.0,"turns":4.0},{"damage":2.0,"enemies":"2 Louse","floor":2.0,"turns":4.0},{"damage":12.0,"enemies":"Jaw Worm","floor":3.0,"turns":3.0},{"damage":20.0,"enemies":"Gremlin Nob","floor":6.0,"turns":4.0},{"damage":46.0,"enemies":"Lagavulin","floor":8.0,"turns":9.0},{"damage":10.0,"enemies":"3 Sentries","floor":10.0,"turns":5.0},{"damage":4.0,"enemies":"Red Slaver","floor":11.0,"turns":4.0},{"damage":0.0,"enemies":"Large Slime","floor":12.0,"turns":5.0},{"damage":4.0,"enemies":"2 Fungi Beasts","floor":14.0,"turns":3.0},{"damage":9.0,"enemies":"Hexaghost","floor":16.0,"turns":11.0},{"damage":19.0,"enemies":"Spheric Guardian","floor":18.0,"turns":5.0},{"damage":0.0,"enemies":"3 Byrds","floor":21.0,"turns":3.0},{"damage":3.0,"enemies":"3 Cultists","floor":22.0,"turns":1.0},{"damage":3.0,"enemies":"Book of Stabbing","floor":23.0,"turns":5.0},{"damage":6.0,"enemies":"Gremlin Leader","floor":25.0,"turns":7.0},{"damage":9.0,"enemies":"Snecko","floor":28.0,"turns":6.0},{"damage":7.0,"enemies":"Centurion and Healer","floor":31.0,"turns":6.0},{"damage":17.0,"enemies":"Collector","floor":33.0,"turns":6.0},{"damage":6.0,"enemies":"3 Darklings","floor":35.0,"turns":5.0},{"damage":0.0,"enemies":"Orb Walker","floor":37.0,"turns":5.0},{"damage":8.0,"enemies":"Maw","floor":39.0,"turns":7.0},{"damage":0.0,"enemies":"Mind Bloom Boss Battle","floor":41.0,"turns":6.0},{"damage":0.0,"enemies":"Nemesis","floor":42.0,"turns":8.0},{"damage":15.0,"enemies":"Spire Growth","floor":44.0,"turns":5.0},{"damage":9.0,"enemies":"Reptomancer","floor":47.0,"turns":7.0},{"damage":28.0,"enemies":"Awakened One","floor":50.0,"turns":8.0},{"damage":3.0,"enemies":"Time Eater","floor":51.0,"turns":11.0},{"damage":2.0,"enemies":"Shield and Spear","floor":55.0,"turns":1.0},{"damage":66,"enemies":"The Heart","floor":56,"turns":10}],"seed_played":"7031666481103439186","potions_obtained":[{"floor":1.0,"key":"Dexterity Potion"},{"floor":2.0,"key":"GamblersBrew"},{"floor":5.0,"key":"BlessingOfTheForge"},{"floor":8.0,"key":"BlessingOfTheForge"},{"floor":10.0,"key":"Fire Potion"},{"floor":12.0,"key":"Energy Potion"},{"floor":21.0,"key":"EssenceOfSteel"},{"floor":25.0,"key":"Swift Potion"},{"floor":28.0,"key":"LiquidMemories"},{"floor":33.0,"key":"Strength Potion"},{"floor":39.0,"key":"Weak Potion"},{"floor":42.0,"key":"DuplicationPotion"},{"floor":55.0,"key":"DistilledChaos"}],"is_trial":false,"path_per_floor":["M","M","M","T","?","E","R","E","T","E","M","M","R","M","R","B",null,"M","$","?","M","M","E","R","E","T","R","M","R","$","M","R","B",null,"M","?","M","?","M","R","?","E","T","M","?","T","E","?","R","B","B",null,"R","$","E","B",null],"character_chosen":"IRONCLAD","items_purchased":["Lantern","True Grit+1","Warcry+1","Flash of Steel","PowerPotion"],"campfire_rested":0,"item_purchase_floors":[19,19,30,30,54],"current_hp_per_floor":[68,72,66,66,66,52,52,12,12,8,10,16,16,18,18,15,60,47,47,47,53,56,66,66,66,66,66,63,63,63,62,62,51,74,82,82,82,68,71,71,82,82,82,78,78,78,82,73,73,60,82,82,82,82,82,26],"gold":111,"neow_bonus":"REMOVE_TWO","is_prod":false,"is_daily":false,"chose_seed":false,"campfire_upgraded":8,"win_rate":0,"timestamp":1632367969,"path_taken":["M","M","?","?","?","E","R","E","T","E","?","M","R","M","R","BOSS","M","$","?","M","M","E","R","E","T","R","M","R","$","?","R","BOSS","M","?","M","?","M","R","?","E","T","M","?","?","E","?","R","BOSS","BOSS","R","$","E","BOSS"],"build_version":"2020-12-22","purchased_purges":1,"victory":true,"max_hp_per_floor":[75,75,75,75,75,75,75,75,75,75,75,75,75,75,75,75,75,75,75,75,75,75,82,82,82,82,82,82,82,82,82,82,82,82,82,82,82,82,82,82,82,82,82,82,82,82,82,82,82,82,82,82,82,82,82,82],"card_choices":[{"not_picked":["Bloodletting","Heavy Blade"],"picked":"Pommel Strike","floor":1.0},{"not_picked":["Cleave","Shrug It Off"],"picked":"Flame Barrier","floor":2.0},{"not_picked":["Seeing Red","Clash"],"picked":"Whirlwind","floor":3.0},{"not_picked":["Anger","Havoc+1"],"picked":"Disarm+1","floor":6.0},{"not_picked":["Sentinel+1","Whirlwind"],"picked":"Shrug It Off+1","floor":8.0},{"not_picked":["Clothesline","Body Slam","Sword Boomerang"],"picked":"SKIP","floor":10.0},{"not_picked":["Iron Wave","Twin Strike","Second Wind+1"],"picked":"SKIP","floor":11.0},{"not_picked":["Sword Boomerang","Cleave"],"picked":"Corruption","floor":12.0},{"not_picked":["Heavy Blade","Power Through+1"],"picked":"Disarm+1","floor":14.0},{"not_picked":["Bludgeon","Juggernaut"],"picked":"Fiend Fire","floor":16.0},{"not_picked":["Body Slam+1","Pummel"],"picked":"Bloodletting+1","floor":18.0},{"not_picked":["Cleave+1","Hemokinesis"],"picked":"True Grit+1","floor":21.0},{"not_picked":["Body Slam","Carnage+1"],"picked":"Feel No Pain","floor":22.0},{"not_picked":["Dropkick","Evolve"],"picked":"Barricade","floor":23.0},{"not_picked":["Combust","Cleave"],"picked":"Dropkick","floor":25.0},{"not_picked":["Havoc+1","Thunderclap"],"picked":"Battle Trance+1","floor":28.0},{"not_picked":["Twin Strike+1","True Grit+1","Second Wind+1"],"picked":"SKIP","floor":31.0},{"not_picked":["Juggernaut","Limit Break+1"],"picked":"Reaper","floor":33.0},{"not_picked":["Perfected Strike","Clash","Flex+1"],"picked":"SKIP","floor":35.0},{"not_picked":["Clothesline","Seeing Red+1"],"picked":"Battle Trance+1","floor":37.0},{"not_picked":["Flex+1","Iron Wave"],"picked":"Disarm+1","floor":39.0},{"not_picked":["Sentinel+1","Perfected Strike"],"picked":"Body Slam+1","floor":42.0},{"not_picked":["Iron Wave+1","Body Slam"],"picked":"Shrug It Off+1","floor":44.0},{"not_picked":["Cleave+1","Sword Boomerang+1"],"picked":"True Grit+1","floor":47.0},{"not_picked":["Bandage Up+1","Dramatic Entrance+1"],"picked":"Dark Shackles+1","floor":48.0},{"not_picked":["Sever Soul+1","Perfected Strike+1"],"picked":"Shrug It Off+1","floor":55.0}],"player_experience":1687899,"relics_obtained":[{"floor":4.0,"key":"Toxic Egg 2"},{"floor":6.0,"key":"Boot"},{"floor":8.0,"key":"Ancient Tea Set"},{"floor":9.0,"key":"Art of War"},{"floor":10.0,"key":"Mercury Hourglass"},{"floor":23.0,"key":"Strawberry"},{"floor":25.0,"key":"TungstenRod"},{"floor":41.0,"key":"Girya"},{"floor":42.0,"key":"Pantograph"},{"floor":47.0,"key":"Molten Egg 2"},{"floor":55.0,"key":"Ginger"}],"event_choices":[{"damage_healed":0.0,"max_hp_gain":0.0,"max_hp_loss":0.0,"gold_gain":0.0,"event_name":"The Woman in Blue","player_choice":"Bought 3 Potions","floor":5.0,"gold_loss":0.0,"damage_taken":0.0},{"damage_healed":0.0,"max_hp_gain":0.0,"max_hp_loss":0.0,"gold_gain":0.0,"event_name":"Accursed Blacksmith","player_choice":"Forge","floor":20.0,"gold_loss":0.0,"damage_taken":0.0,"cards_upgraded":["Fiend Fire"]},{"damage_healed":0.0,"max_hp_gain":0.0,"max_hp_loss":0.0,"gold_gain":0.0,"event_name":"Tomb of Lord Red Mask","player_choice":"Paid","floor":36.0,"gold_loss":122.0,"damage_taken":0.0,"relics_obtained":["Red Mask"]},{"damage_healed":0.0,"max_hp_gain":0.0,"max_hp_loss":0.0,"gold_gain":0.0,"event_name":"Winding Halls","player_choice":"Embrace Madness","floor":38.0,"gold_loss":0.0,"damage_taken":15.0,"cards_obtained":["Madness","Madness"]},{"damage_healed":0.0,"max_hp_gain":0.0,"max_hp_loss":0.0,"gold_gain":0.0,"event_name":"MindBloom","player_choice":"Fight","floor":41.0,"gold_loss":0.0,"damage_taken":0.0},{"cards_removed":["Battle Trance"],"damage_healed":0.0,"max_hp_gain":0.0,"max_hp_loss":0.0,"gold_gain":0.0,"event_name":"Falling","player_choice":"Removed Skill","floor":45.0,"gold_loss":0.0,"damage_taken":0.0},{"damage_healed":0.0,"max_hp_gain":0.0,"max_hp_loss":0.0,"gold_gain":0.0,"event_name":"SensoryStone","player_choice":"Memory 3","floor":48.0,"gold_loss":0.0,"damage_taken":10.0}],"is_beta":false,"boss_relics":[{"not_picked":["Velvet Choker","Ectoplasm"],"picked":"Astrolabe"},{"not_picked":["Philosopher\u0027s Stone","Runic Cube"],"picked":"Cursed Key"}],"items_purged_floors":[30],"is_endless":false,"potions_floor_spawned":[1,2,8,10,12,21,25,28,33,39,41,42,55],"ascension_level":20}