{"gold_per_floor":[119,119,136,153,165,196,196,228,228,228,239,271,285,302,302,380,380,399,159,159,170,91,118,136,169,169,195,206,223,223,223,223,297,297,317,329,3,3,15,15,42,42,42,42,67,17,17,32,32,32,32,32,32,32,63,63],"floor_reached":57,"playtime":2939,"items_purged":["Strike_R","Strike_R","Parasite"],"score":3024,"play_id":"26bb127d-f79e-41ba-ab0e-1265c91c06bd","local_time":"20210926001551","is_ascension_mode":true,"campfire_choices":[{"data":"Immolate","floor":7.0,"key":"SMITH"},{"data":"Feed","floor":10.0,"key":"SMITH"},{"data":"Bash","floor":15.0,"key":"SMITH"},{"data":"Shockwave","floor":30.0,"key":"SMITH"},{"data":"Battle Trance","floor":32.0,"key":"SMITH"},{"data":"Feel No Pain","floor":40.0,"key":"SMITH"},{"data":"Impervious","floor":42.0,"key":"SMITH"},{"data":"Flame Barrier","floor":44.0,"key":"SMITH"},{"floor":49.0,"key":"RECALL"},{"data":"Shrug It Off","floor":53.0,"key":"SMITH"}],"neow_cost":"TEN_PERCENT_HP_LOSS","seed_source_timestamp":4327123167921500,"circlet_count":0,"master_deck":["AscendersBane","Strike_R","Strike_R","Strike_R","Defend_R","Defend_R","Defend_R","Defend_R","Bash+1","Feed+1","Shrug It Off","Impervious+1","Wild Strike","Shrug It Off+1","Immolate+1","Spot Weakness+1","Corruption","Battle Trance+1","Feel No Pain+1","Shockwave+1","Flame Barrier+1","Shrug It Off","Dark Embrace","Barricade","Entrench","Shrug It Off","Shrug It Off","Body Slam","Feel No Pain+1","Rage+1","Battle Trance"],"special_seed":0,"relics":["Burning Blood","Bag of Marbles","Letter Opener","Bottled Flame","StrikeDummy","Cursed Key","Akabeko","Question Card","Smiling Mask","Snecko Eye","TheAbacus","Pocketwatch","Lizard Tail","HornCleat"],"potions_floor_usage":[56],"damage_taken":[{"damage":0.0,"enemies":"Small Slimes","floor":1.0,"turns":5.0},{"damage":1.0,"enemies":"Cultist","floor":3.0,"turns":4.0},{"damage":6.0,"enemies":"Jaw Worm","floor":4.0,"turns":5.0},{"damage":16.0,"enemies":"2 Fungi Beasts","floor":5.0,"turns":4.0},{"damage":32.0,"enemies":"Gremlin Nob","floor":6.0,"turns":5.0},{"damage":30.0,"enemies":"Lagavulin","floor":8.0,"turns":6.0},{"damage":0.0,"enemies":"Large Slime","floor":11.0,"turns":5.0},{"damage":0.0,"enemies":"3 Sentries","floor":12.0,"turns":2.0},{"damage":0.0,"enemies":"Gremlin Gang","floor":13.0,"turns":4.0},{"damage":1.0,"enemies":"Looter","floor":14.0,"turns":3.0},{"damage":43.0,"enemies":"Hexaghost","floor":16.0,"turns":9.0},{"damage":0.0,"enemies":"3 Byrds","floor":18.0,"turns":2.0},{"damage":3.0,"enemies":"2 Thieves","floor":21.0,"turns":3.0},{"damage":10.0,"enemies":"Slavers","floor":23.0,"turns":7.0},{"damage":22.0,"enemies":"Snake Plant","floor":24.0,"turns":4.0},{"damage":12.0,"enemies":"Book of Stabbing","floor":25.0,"turns":4.0},{"damage":12.0,"enemies":"Gremlin Leader","floor":27.0,"turns":4.0},{"damage":0.0,"enemies":"Snecko","floor":28.0,"turns":4.0},{"damage":23.0,"enemies":"Shelled Parasite and Fungi","floor":29.0,"turns":4.0},{"damage":37.0,"enemies":"Collector","floor":33.0,"turns":8.0},{"damage":0.0,"enemies":"3 Darklings","floor":35.0,"turns":2.0},{"damage":0.0,"enemies":"Orb Walker","floor":36.0,"turns":2.0},{"damage":0.0,"enemies":"Transient","floor":39.0,"turns":4.0},{"damage":0.0,"enemies":"Reptomancer","floor":41.0,"turns":8.0},{"damage":0.0,"enemies":"Mind Bloom Boss Battle","floor":45.0,"turns":5.0},{"damage":0.0,"enemies":"4 Shapes","floor":48.0,"turns":4.0},{"damage":16.0,"enemies":"Donu and Deca","floor":50.0,"turns":6.0},{"damage":0.0,"enemies":"Time Eater","floor":51.0,"turns":4.0},{"damage":56.0,"enemies":"Shield and Spear","floor":55.0,"turns":5.0},{"damage":14,"enemies":"The Heart","floor":56,"turns":8}],"seed_played":"4932103503465737043","potions_obtained":[{"floor":3.0,"key":"Explosive Potion"},{"floor":4.0,"key":"Energy Potion"},{"floor":11.0,"key":"BlessingOfTheForge"},{"floor":14.0,"key":"SkillPotion"},{"floor":23.0,"key":"FairyPotion"},{"floor":24.0,"key":"PowerPotion"},{"floor":25.0,"key":"Block Potion"},{"floor":41.0,"key":"LiquidBronze"}],"is_trial":false,"path_per_floor":["M","?","M","M","M","E","R","E","T","R","M","E","M","M","R","B",null,"M","$","?","M","$","E","M","E","T","E","M","M","R","?","R","B",null,"M","M","$","?","M","R","E","R","T","R","?","$","?","M","R","B","B",null,"R","$","E","B",null],"character_chosen":"IRONCLAD","items_purchased":["Battle Trance","Feel No Pain","Flame Barrier","Shrug It Off","TheAbacus","Body Slam"],"campfire_rested":0,"item_purchase_floors":[19,19,22,37,37,37],"current_hp_per_floor":[71,71,74,77,70,44,44,20,20,20,26,36,46,55,55,18,74,84,84,84,91,91,91,79,77,77,71,81,68,68,68,68,41,103,113,123,123,123,129,129,129,129,129,129,133,130,130,134,134,128,138,141,141,141,95,87],"gold":63,"neow_bonus":"THREE_RARE_CARDS","is_prod":false,"is_daily":false,"chose_seed":false,"campfire_upgraded":9,"win_rate":0,"timestamp":1632633351,"path_taken":["M","?","M","M","M","E","R","E","T","R","?","E","M","M","R","BOSS","M","?","?","M","$","E","M","E","T","E","M","M","R","?","R","BOSS","M","M","$","?","M","R","E","R","T","R","?","$","?","M","R","BOSS","BOSS","R","$","E","BOSS"],"build_version":"2020-12-22","purchased_purges":3,"victory":true,"max_hp_per_floor":[71,71,74,77,80,80,80,80,80,80,80,84,88,92,92,92,92,96,96,96,100,100,104,108,112,112,112,116,120,120,120,120,124,124,128,132,132,125,129,129,129,129,129,129,133,130,130,134,134,138,142,142,142,142,146,146],"card_choices":[{"not_picked":["Berserk","Brutality"],"picked":"Feed","floor":0.0},{"not_picked":["Flex","Entrench"],"picked":"Shrug It Off","floor":1.0},{"not_picked":["Flex","Intimidate","Double Tap"],"picked":"SKIP","floor":3.0},{"not_picked":["Iron Wave","Cleave"],"picked":"Wild Strike","floor":4.0},{"not_picked":["Headbutt","Heavy Blade"],"picked":"Shrug It Off","floor":5.0},{"not_picked":["Anger","Seeing Red"],"picked":"Immolate","floor":6.0},{"not_picked":["Second Wind","Iron Wave"],"picked":"Spot Weakness","floor":8.0},{"not_picked":["Ghostly Armor","Iron Wave","True Grit"],"picked":"SKIP","floor":11.0},{"not_picked":["Headbutt","Seeing Red","Sword Boomerang"],"picked":"SKIP","floor":12.0},{"not_picked":["Iron Wave","Sword Boomerang","Demon Form"],"picked":"SKIP","floor":13.0},{"not_picked":["Fire Breathing","Body Slam","Sword Boomerang"],"picked":"SKIP","floor":14.0},{"not_picked":["Exhume","Fiend Fire"],"picked":"Corruption","floor":16.0},{"not_picked":["Carnage","Bloodletting","Cleave"],"picked":"SKIP","floor":18.0},{"not_picked":["True Grit","Perfected Strike+1"],"picked":"Shockwave","floor":21.0},{"not_picked":["Immolate","Anger","Perfected Strike"],"picked":"SKIP","floor":23.0},{"not_picked":["Clothesline","Searing Blow","Blood for Blood"],"picked":"SKIP","floor":24.0},{"not_picked":["Ghostly Armor","Wild Strike+1","Rupture"],"picked":"SKIP","floor":25.0},{"not_picked":["Brutality","True Grit","Body Slam"],"picked":"Shrug It Off","floor":27.0},{"not_picked":["Evolve","Cleave","Pommel Strike"],"picked":"Dark Embrace","floor":28.0},{"not_picked":["Fire Breathing+1","Pommel Strike","Havoc","Infernal Blade"],"picked":"SKIP","floor":29.0},{"not_picked":["Offering","Fiend Fire","Limit Break"],"picked":"Barricade","floor":33.0},{"not_picked":["True Grit","Clash+1","Clothesline"],"picked":"Entrench","floor":35.0},{"not_picked":["Clash+1","Clothesline","Reckless Charge"],"picked":"Shrug It Off","floor":36.0},{"not_picked":["Spot Weakness","Thunderclap","Havoc"],"picked":"Feel No Pain+1","floor":39.0},{"not_picked":["Perfected Strike","Dual Wield","Cleave","Armaments"],"picked":"SKIP","floor":41.0},{"not_picked":["Reaper","Warcry","Clash"],"picked":"Rage+1","floor":45.0},{"not_picked":["Sword Boomerang","Wild Strike","Headbutt"],"picked":"Battle Trance","floor":48.0},{"not_picked":["Heavy Blade+1","Armaments+1","Clothesline","Demon Form"],"picked":"SKIP","floor":55.0}],"player_experience":1699537,"relics_obtained":[{"floor":6.0,"key":"Bag of Marbles"},{"floor":8.0,"key":"Letter Opener"},{"floor":9.0,"key":"Bottled Flame"},{"floor":12.0,"key":"StrikeDummy"},{"floor":23.0,"key":"Akabeko"},{"floor":25.0,"key":"Question Card"},{"floor":27.0,"key":"Smiling Mask"},{"floor":41.0,"key":"Pocketwatch"},{"floor":45.0,"key":"Lizard Tail"},{"floor":55.0,"key":"HornCleat"}],"event_choices":[{"damage_healed":0.0,"max_hp_gain":0.0,"max_hp_loss":0.0,"gold_gain":0.0,"event_name":"Match and Keep!","player_choice":"1 cards matched","floor":2.0,"gold_loss":0.0,"damage_taken":0.0,"cards_obtained":["Impervious"]},{"damage_healed":0.0,"max_hp_gain":0.0,"max_hp_loss":0.0,"gold_gain":0.0,"event_name":"Vampires","player_choice":"Ignored","floor":20.0,"gold_loss":0.0,"damage_taken":0.0},{"damage_healed":0.0,"max_hp_gain":0.0,"max_hp_loss":0.0,"gold_gain":0.0,"event_name":"The Mausoleum","player_choice":"Ignored","floor":31.0,"gold_loss":0.0,"damage_taken":0.0},{"damage_healed":0.0,"max_hp_gain":0.0,"max_hp_loss":7.0,"gold_gain":0.0,"event_name":"Winding Halls","player_choice":"Max HP","floor":38.0,"gold_loss":0.0,"damage_taken":0.0},{"damage_healed":0.0,"max_hp_gain":0.0,"max_hp_loss":0.0,"gold_gain":0.0,"event_name":"MindBloom","player_choice":"Fight","floor":45.0,"gold_loss":0.0,"damage_taken":0.0},{"damage_healed":0.0,"max_hp_gain":0.0,"max_hp_loss":0.0,"gold_gain":0.0,"event_name":"Accursed Blacksmith","player_choice":"Forge","floor":47.0,"gold_loss":0.0,"damage_taken":0.0,"cards_upgraded":["Spot Weakness"]}],"is_beta":false,"boss_relics":[{"not_picked":["Fusion Hammer","Mark of Pain"],"picked":"Cursed Key"},{"not_picked":["Coffee Dripper","Philosopher\u0027s Stone"],"picked":"Snecko Eye"}],"items_purged_floors":[19,37,46],"is_endless":false,"potions_floor_spawned":[3,4,5,11,14,23,24,25,28,33,39,41],"ascension_level":20}