{"gold_per_floor":[111,122,122,122,134,134,168,168,168,168,0,75,86,112,112,186,186,200,211,211,229,247,272,272,304,304,319,349,375,43,61,61,135,135,150,164,89,89,103,135,135,91,116,116,135,35,35,63,63,63,63,63,63,63,93,93],"floor_reached":57,"playtime":3348,"items_purged":["Regret","Regret"],"score":2935,"play_id":"21cb57c2-5f99-4f82-b44e-257dae72a462","local_time":"20210919195332","is_ascension_mode":true,"campfire_choices":[{"data":"Pommel Strike","floor":6.0,"key":"SMITH"},{"data":"Cleave","floor":8.0,"key":"SMITH"},{"data":"Defend_R","floor":10.0,"key":"SMITH"},{"data":"Inflame","floor":15,"key":"SMITH"},{"floor":24,"key":"REST"},{"data":"Corruption","floor":32,"key":"SMITH"},{"data":"Havoc","floor":41,"key":"SMITH"},{"data":"Feel No Pain","floor":44,"key":"SMITH"},{"floor":47,"key":"RECALL"},{"floor":49,"key":"REST"},{"data":"Burning Pact","floor":53,"key":"SMITH"}],"neow_cost":"NONE","seed_source_timestamp":3792608734543400,"circlet_count":0,"master_deck":["AscendersBane","Strike_R","Defend_R+1","Defend_R+1","Defend_R","Defend_R","Bash+1","Pommel Strike+1","Perfected Strike+1","Cleave+1","Battle Trance+1","Inflame+1","Corruption+1","Shrug It Off","Sword Boomerang+1","Spot Weakness","Dark Embrace","Shrug It Off","Impervious","Seeing Red+1","Havoc+1","Burning Pact+1","Havoc+1","Burning Pact+1","Feel No Pain+1","Disarm+1","Seeing Red","Corruption"],"special_seed":0,"relics":["Burning Blood","White Beast Statue","Bronze Scales","Lantern","Regal Pillow","Cursed Key","Red Skull","Pen Nib","Meat on the Bone","MawBank","Dead Branch","Astrolabe","Pear","Self Forming Clay","Boot"],"potions_floor_usage":[14,16,16,18,21,22,23,25,28,56,56,56],"damage_taken":[{"damage":9.0,"enemies":"Jaw Worm","floor":1.0,"turns":4.0},{"damage":9.0,"enemies":"Small Slimes","floor":2.0,"turns":4.0},{"damage":0.0,"enemies":"Cultist","floor":5.0,"turns":2.0},{"damage":17.0,"enemies":"3 Sentries","floor":7.0,"turns":6.0},{"damage":4.0,"enemies":"Large Slime","floor":13.0,"turns":4.0},{"damage":9,"enemies":"Lagavulin","floor":14,"turns":6},{"damage":10,"enemies":"Slime Boss","floor":16,"turns":7},{"damage":15,"enemies":"2 Thieves","floor":18,"turns":3},{"damage":18,"enemies":"3 Byrds","floor":19,"turns":3},{"damage":7,"enemies":"3 Cultists","floor":21,"turns":4},{"damage":28,"enemies":"Shelled Parasite and Fungi","floor":22,"turns":3},{"damage":22,"enemies":"Gremlin Leader","floor":23,"turns":4},{"damage":41,"enemies":"Book of Stabbing","floor":25,"turns":5},{"damage":4,"enemies":"Sentry and Sphere","floor":27,"turns":3},{"damage":16,"enemies":"Slavers","floor":28,"turns":3},{"damage":39,"enemies":"3 Cultists","floor":29,"turns":4},{"damage":6,"enemies":"Chosen and Byrds","floor":31,"turns":4},{"damage":6,"enemies":"Automaton","floor":33,"turns":5},{"damage":5,"enemies":"Orb Walker","floor":35,"turns":3},{"damage":13,"enemies":"3 Shapes","floor":36,"turns":4},{"damage":4,"enemies":"Jaw Worm Horde","floor":39,"turns":3},{"damage":40,"enemies":"Nemesis","floor":40,"turns":3},{"damage":8,"enemies":"Spire Growth","floor":45,"turns":3},{"damage":0,"enemies":"Reptomancer","floor":48,"turns":4},{"damage":33,"enemies":"Time Eater","floor":50,"turns":5},{"damage":1,"enemies":"Donu and Deca","floor":51,"turns":2},{"damage":22,"enemies":"Shield and Spear","floor":55,"turns":4},{"damage":16,"enemies":"The Heart","floor":56,"turns":5}],"seed_played":"-6998672696459217920","potions_obtained":[{"floor":1.0,"key":"Ancient Potion"},{"floor":2.0,"key":"AttackPotion"},{"floor":5.0,"key":"FearPotion"},{"floor":13.0,"key":"Fire Potion"},{"floor":14,"key":"CultistPotion"},{"floor":16,"key":"ColorlessPotion"},{"floor":18,"key":"Regen Potion"},{"floor":19,"key":"Energy Potion"},{"floor":21,"key":"CultistPotion"},{"floor":22,"key":"FearPotion"},{"floor":23,"key":"SteroidPotion"},{"floor":25,"key":"LiquidBronze"},{"floor":27,"key":"BloodPotion"},{"floor":28,"key":"Weak Potion"},{"floor":31,"key":"EntropicBrew"}],"is_trial":false,"path_per_floor":["M","M","?","?","M","R","E","R","T","R","$","?","M","E","R","B",null,"M","M","?","M","M","E","R","E","T","M","E","M","$","M","R","B",null,"M","M","$","?","M","E","R","$","T","R","M","$","R","E","R","B","B",null,"R","$","E","B",null],"character_chosen":"IRONCLAD","items_purchased":["Lantern","Dead Branch","Feel No Pain"],"campfire_rested":2,"item_purchase_floors":[11,30,42],"current_hp_per_floor":[72,69,44,44,50,50,39,39,39,39,39,28,30,27,27,23,67,58,46,46,45,32,16,55,20,20,34,52,31,31,43,43,55,75,76,69,69,69,71,59,59,59,59,59,57,57,57,63,92,65,70,87,87,87,71,61],"gold":93,"neow_bonus":"TEN_PERCENT_HP_BONUS","is_prod":false,"is_daily":false,"chose_seed":false,"campfire_upgraded":8,"win_rate":0,"timestamp":1632099212,"path_taken":["M","M","?","?","M","R","E","R","T","R","$","?","M","E","R","BOSS","M","M","?","M","M","E","R","E","T","M","E","M","$","M","R","BOSS","M","M","?","?","M","E","R","$","T","R","?","$","R","E","R","BOSS","BOSS","R","$","E","BOSS"],"build_version":"2020-12-22","purchased_purges":2,"victory":true,"max_hp_per_floor":[82,82,82,82,82,82,82,82,82,82,82,82,82,82,82,82,82,82,82,82,82,82,82,82,82,82,82,82,82,82,82,82,82,82,82,82,82,82,82,92,92,92,92,92,92,92,92,92,92,92,92,92,92,92,92,92],"card_choices":[{"not_picked":["Infernal Blade","Burning Pact"],"picked":"Pommel Strike","floor":1.0},{"not_picked":["Metallicize","Entrench"],"picked":"Perfected Strike","floor":2.0},{"not_picked":["Clothesline","Pummel","Evolve"],"picked":"SKIP","floor":5.0},{"not_picked":["Havoc","Berserk"],"picked":"Cleave","floor":7.0},{"not_picked":["Disarm","Hemokinesis"],"picked":"Battle Trance","floor":13.0},{"not_picked":["Intimidate","Cleave"],"picked":"Inflame","floor":14},{"not_picked":["Juggernaut","Brutality"],"picked":"Corruption","floor":16},{"not_picked":["Flex","Headbutt","Anger"],"picked":"SKIP","floor":18},{"not_picked":["Iron Wave","Body Slam","Headbutt"],"picked":"SKIP","floor":19},{"not_picked":["Thunderclap+1","Flex"],"picked":"Shrug It Off","floor":21},{"not_picked":["Pummel","Havoc"],"picked":"Sword Boomerang+1","floor":22},{"not_picked":["Corruption","Hemokinesis","Thunderclap"],"picked":"SKIP","floor":23},{"not_picked":["Armaments","Headbutt","Clash"],"picked":"SKIP","floor":25},{"not_picked":["Clash+1","Havoc"],"picked":"Spot Weakness","floor":27},{"not_picked":["Blood for Blood","Wild Strike"],"picked":"Dark Embrace","floor":28},{"not_picked":["Clash","Iron Wave+1","Perfected Strike"],"picked":"SKIP","floor":29},{"not_picked":["Infernal Blade","Anger+1"],"picked":"Shrug It Off","floor":31},{"not_picked":["Reaper","Limit Break"],"picked":"Impervious","floor":33},{"not_picked":["Whirlwind","Heavy Blade","Flex"],"picked":"SKIP","floor":35},{"not_picked":["Sword Boomerang+1","Sever Soul+1"],"picked":"Havoc","floor":36},{"not_picked":["Flex","Clash+1","Cleave"],"picked":"SKIP","floor":39},{"not_picked":["Berserk","Perfected Strike"],"picked":"Burning Pact","floor":40},{"not_picked":["Ghostly Armor+1","Pommel Strike"],"picked":"Disarm+1","floor":45},{"not_picked":["Dark Embrace+1","Battle Trance"],"picked":"Seeing Red","floor":48},{"not_picked":["Reaper","True Grit"],"picked":"Corruption","floor":55}],"player_experience":1662678,"relics_obtained":[{"floor":7.0,"key":"White Beast Statue"},{"floor":9.0,"key":"Bronze Scales"},{"floor":14,"key":"Regal Pillow"},{"floor":23,"key":"Red Skull"},{"floor":25,"key":"Pen Nib"},{"floor":26,"key":"Meat on the Bone"},{"floor":28,"key":"MawBank"},{"floor":40,"key":"Pear"},{"floor":48,"key":"Self Forming Clay"},{"floor":55,"key":"Boot"}],"event_choices":[{"damage_healed":0.0,"max_hp_gain":0.0,"max_hp_loss":0.0,"gold_gain":0.0,"event_name":"Shining Light","player_choice":"Entered Light","floor":3.0,"gold_loss":0.0,"damage_taken":25.0,"cards_upgraded":["Defend_R","Bash"]},{"damage_healed":0.0,"max_hp_gain":0.0,"max_hp_loss":0.0,"gold_gain":0.0,"event_name":"Living Wall","player_choice":"Grow","floor":4.0,"gold_loss":0.0,"damage_taken":0.0,"cards_upgraded":["Perfected Strike"]},{"damage_healed":0.0,"max_hp_gain":0.0,"max_hp_loss":0.0,"gold_gain":75.0,"event_name":"World of Goop","player_choice":"Gather Gold","floor":12.0,"gold_loss":0.0,"damage_taken":11.0},{"cards_removed":["Strike_R"],"damage_healed":0,"gold_gain":0,"player_choice":"Offered Basic","damage_taken":0,"max_hp_gain":0,"max_hp_loss":0,"event_name":"Bonfire Elementals","floor":20,"gold_loss":0},{"damage_healed":0,"gold_gain":0,"player_choice":"Upgraded","damage_taken":0,"max_hp_gain":0,"max_hp_loss":0,"event_name":"Upgrade Shrine","floor":38,"gold_loss":0,"cards_upgraded":["Battle Trance"]}],"is_beta":false,"boss_relics":[{"not_picked":["Fusion Hammer","Ectoplasm"],"picked":"Cursed Key"},{"not_picked":["Empty Cage","Calling Bell"],"picked":"Astrolabe"}],"items_purged_floors":[37,46],"is_endless":false,"potions_floor_spawned":[1,2,5,13,14,16,18,19,21,22,23,25,27,28,29,31,33,35,36,39,40,45,48,55],"ascension_level":20}