{"gold_per_floor":[116,266,285,360,70,95,95,95,95,113,129,129,158,176,176,251,251,267,267,286,29,29],"floor_reached":22,"playtime":957,"items_purged":["Doubt","Strike_R"],"score":438,"play_id":"fdd0dc0e-82c7-4b7b-8643-c24cb29a2ffc","local_time":"20210925164943","is_ascension_mode":true,"campfire_choices":[{"data":"Carnage","floor":8.0,"key":"SMITH"},{"data":"Bash","floor":12.0,"key":"SMITH"},{"data":"Demon Form","floor":15.0,"key":"SMITH"}],"neow_cost":"NONE","seed_source_timestamp":4302419082638800,"circlet_count":0,"master_deck":["AscendersBane","Strike_R","Strike_R","Strike_R","Strike_R","Defend_R","Defend_R","Defend_R","Defend_R","Bash+1","Pommel Strike","Power Through","Shrug It Off","Carnage+1","Sword Boomerang","Hemokinesis","Demon Form+1","Brutality","Ghostly","Ghostly","Ghostly"],"special_seed":0,"relics":["Burning Blood","NeowsBlessing","Red Skull","Self Forming Clay","InkBottle","Lizard Tail","Velvet Choker","Sling"],"potions_floor_usage":[22],"damage_taken":[{"damage":0.0,"enemies":"Small Slimes","floor":1.0,"turns":1.0},{"damage":0.0,"enemies":"Jaw Worm","floor":3.0,"turns":1.0},{"damage":0.0,"enemies":"Gremlin Nob","floor":6.0,"turns":1.0},{"damage":3.0,"enemies":"2 Louse","floor":10.0,"turns":3.0},{"damage":1.0,"enemies":"Red Slaver","floor":11.0,"turns":3.0},{"damage":22.0,"enemies":"Lagavulin","floor":13.0,"turns":4.0},{"damage":2.0,"enemies":"Blue Slaver","floor":14.0,"turns":3.0},{"damage":23.0,"enemies":"Slime Boss","floor":16.0,"turns":6.0},{"damage":3.0,"enemies":"Chosen","floor":18.0,"turns":4.0},{"damage":19.0,"enemies":"Shell Parasite","floor":20.0,"turns":5.0},{"damage":26,"enemies":"3 Cultists","floor":22,"turns":5}],"seed_played":"-8853240532076069978","potions_obtained":[{"floor":6.0,"key":"LiquidBronze"},{"floor":10.0,"key":"Fruit Juice"},{"floor":13.0,"key":"SteroidPotion"},{"floor":14.0,"key":"Block Potion"},{"floor":18.0,"key":"SkillPotion"}],"is_trial":false,"path_per_floor":["M","?","M","?","$","E","?","R","T","M","M","R","E","M","R","B",null,"M","?","M","$","M"],"character_chosen":"IRONCLAD","items_purchased":["Red Skull","Shrug It Off","Sling"],"campfire_rested":0,"item_purchase_floors":[5,5,21],"current_hp_per_floor":[74,74,75,64,64,70,75,75,75,78,80,80,69,73,73,56,78,81,42,29,29,3],"gold":29,"neow_bonus":"THREE_ENEMY_KILL","is_prod":false,"is_daily":false,"chose_seed":false,"campfire_upgraded":3,"win_rate":0,"timestamp":1632606583,"path_taken":["M","?","M","?","$","E","?","R","T","M","M","R","E","M","R","BOSS","M","?","M","$","M"],"build_version":"2020-12-22","purchased_purges":2,"victory":false,"max_hp_per_floor":[75,75,75,75,75,75,80,80,80,80,80,80,85,85,85,85,85,85,42,42,42,42],"card_choices":[{"not_picked":["Infernal Blade","Perfected Strike"],"picked":"Pommel Strike","floor":1.0},{"not_picked":["Metallicize","Thunderclap"],"picked":"Power Through","floor":3.0},{"not_picked":["Twin Strike","Dropkick"],"picked":"Carnage","floor":6.0},{"not_picked":["Sentinel","Perfected Strike"],"picked":"Sword Boomerang","floor":10.0},{"not_picked":["Sword Boomerang","Armaments"],"picked":"Hemokinesis","floor":11.0},{"not_picked":["Twin Strike","Thunderclap"],"picked":"Demon Form","floor":13.0},{"not_picked":["Flex","Anger","Havoc"],"picked":"SKIP","floor":14.0},{"not_picked":["Juggernaut","Bludgeon"],"picked":"Brutality","floor":16.0},{"not_picked":["Rupture","Perfected Strike","Havoc"],"picked":"SKIP","floor":18.0},{"not_picked":["Havoc","Twin Strike","Whirlwind"],"picked":"SKIP","floor":20.0}],"player_experience":1695437,"relics_obtained":[{"floor":6.0,"key":"Self Forming Clay"},{"floor":9.0,"key":"InkBottle"},{"floor":13.0,"key":"Lizard Tail"}],"event_choices":[{"damage_healed":0.0,"max_hp_gain":0.0,"max_hp_loss":0.0,"gold_gain":150.0,"event_name":"Liars Game","player_choice":"AGREE","floor":2.0,"gold_loss":0.0,"damage_taken":0.0,"cards_obtained":["Doubt"]},{"damage_healed":0.0,"max_hp_gain":0.0,"max_hp_loss":0.0,"gold_gain":75.0,"event_name":"World of Goop","player_choice":"Gather Gold","floor":4.0,"gold_loss":0.0,"damage_taken":11.0},{"damage_healed":0.0,"max_hp_gain":5.0,"max_hp_loss":0.0,"gold_gain":0.0,"event_name":"Big Fish","player_choice":"Donut","floor":7.0,"gold_loss":0.0,"damage_taken":0.0},{"damage_healed":0.0,"max_hp_gain":0.0,"max_hp_loss":43.0,"gold_gain":0.0,"event_name":"Ghosts","player_choice":"Became a Ghost","floor":19.0,"gold_loss":0.0,"damage_taken":0.0,"cards_obtained":["Ghostly","Ghostly","Ghostly"]}],"is_beta":false,"boss_relics":[{"not_picked":["Busted Crown","Ectoplasm"],"picked":"Velvet Choker"}],"items_purged_floors":[5,21],"is_endless":false,"potions_floor_spawned":[6,10,13,14,16,18,20],"killed_by":"3 Cultists","ascension_level":20}