{"gold_per_floor":[118,32,43,54,64,64,92,57,133,133,145,145,145,145,145,145],"floor_reached":16,"playtime":242,"items_purged":[],"score":200,"play_id":"12e165ca-0197-4281-91d4-233286b02108","local_time":"20210925194750","is_ascension_mode":true,"campfire_choices":[{"data":"Uppercut","floor":6,"key":"SMITH"},{"data":"Bash","floor":12,"key":"SMITH"},{"data":"Wild Strike","floor":15,"key":"SMITH"}],"neow_cost":"NONE","seed_source_timestamp":4313847987108799,"circlet_count":0,"master_deck":["AscendersBane","Strike_R","Strike_R","Strike_R","Strike_R","Strike_R","Defend_R","Defend_R","Defend_R","Defend_R+1","Bash+1","Twin Strike","Hemokinesis+1","Wild Strike+1","Juggernaut","Uppercut+1","Wild Strike"],"relics":["Burning Blood","NeowsBlessing","Thread and Needle","InkBottle"],"potions_floor_usage":[7],"damage_taken":[{"damage":0,"enemies":"2 Louse","floor":1,"turns":2},{"damage":0,"enemies":"Jaw Worm","floor":3,"turns":1},{"damage":0,"enemies":"Cultist","floor":4,"turns":1},{"damage":21,"enemies":"Large Slime","floor":5,"turns":3},{"damage":12,"enemies":"3 Sentries","floor":7,"turns":3},{"damage":10,"enemies":"2 Fungi Beasts","floor":11,"turns":3},{"damage":0,"enemies":"Slime Boss","floor":16,"turns":1}],"seed_played":"5494821004238309751","potions_obtained":[{"floor":4,"key":"AttackPotion"},{"floor":11,"key":"Explosive Potion"}],"is_trial":false,"path_per_floor":["M","$","M","M","M","R","E","?","T","?","M","R","?","?","R","B"],"character_chosen":"IRONCLAD","items_purchased":["Hemokinesis"],"campfire_rested":0,"item_purchase_floors":[2],"current_hp_per_floor":[74,74,75,75,60,60,54,72,72,68,64,64,41,66,66,66],"gold":145,"neow_bonus":"THREE_ENEMY_KILL","is_prod":false,"is_daily":false,"chose_seed":false,"campfire_upgraded":3,"win_rate":0,"timestamp":1632617270,"path_taken":["M","$","M","M","M","R","E","?","T","?","?","R","?","?","R","BOSS"],"build_version":"2020-12-22","purchased_purges":0,"victory":false,"max_hp_per_floor":[75,75,75,75,75,75,75,75,75,75,75,75,75,75,75,75],"card_choices":[{"not_picked":["True Grit","Sword Boomerang"],"picked":"Twin Strike","floor":1},{"not_picked":["Clash","Armaments"],"picked":"Wild Strike","floor":3},{"not_picked":["Warcry","Infernal Blade"],"picked":"Juggernaut","floor":4},{"not_picked":["Shrug It Off","Pommel Strike"],"picked":"Uppercut","floor":5},{"not_picked":["Pommel Strike","Body Slam"],"picked":"Wild Strike","floor":7},{"not_picked":["Body Slam","Thunderclap","Flex"],"picked":"SKIP","floor":11}],"player_experience":1696394,"relics_obtained":[{"floor":7,"key":"Thread and Needle"},{"floor":9,"key":"InkBottle"}],"event_choices":[{"damage_healed":18,"gold_gain":0,"player_choice":"Healed","damage_taken":0,"max_hp_gain":0,"max_hp_loss":0,"event_name":"The Cleric","floor":8,"gold_loss":35},{"damage_healed":0,"gold_gain":0,"player_choice":"Bought 0 Potions","damage_taken":0,"max_hp_gain":0,"max_hp_loss":0,"event_name":"The Woman in Blue","floor":10,"gold_loss":0},{"damage_healed":0,"gold_gain":0,"player_choice":"Entered Light","damage_taken":23,"max_hp_gain":0,"max_hp_loss":0,"event_name":"Shining Light","floor":13,"gold_loss":0,"cards_upgraded":["Defend_R","Hemokinesis"]},{"damage_healed":25,"gold_gain":0,"player_choice":"Banana","damage_taken":0,"max_hp_gain":0,"max_hp_loss":0,"event_name":"Big Fish","floor":14,"gold_loss":0}],"is_beta":false,"boss_relics":[],"items_purged_floors":[],"is_endless":false,"potions_floor_spawned":[4,11],"killed_by":"Slime Boss","ascension_level":20}