{"gold_per_floor":[111,127,127,137,7,7,35,35,35,60,2,2,21,37,37,109,109,121,36,48,65,84,115,135,80,160,187,187,216,230,244,244,315,315,333,350,21,35,35,51,78,78,78,94,114,114,20,39,39,39,39,39,39,2,27,27],"floor_reached":57,"playtime":3490,"items_purged":["Regret","Strike_R"],"score":2816,"play_id":"f3318283-2e61-4fe6-a955-928e94d349c8","local_time":"20210921003531","is_ascension_mode":true,"campfire_choices":[{"data":"Searing Blow","floor":6.0,"key":"SMITH"},{"data":"Searing Blow+1","floor":8.0,"key":"SMITH"},{"data":"Searing Blow+2","floor":12.0,"key":"SMITH"},{"data":"Searing Blow+3","floor":15.0,"key":"SMITH"},{"data":"Searing Blow+4","floor":32.0,"key":"SMITH"},{"data":"Impervious","floor":46.0,"key":"SMITH"},{"floor":49.0,"key":"RECALL"},{"data":"Shockwave","floor":53.0,"key":"SMITH"}],"neow_cost":"NONE","seed_source_timestamp":3894528452222900,"circlet_count":0,"master_deck":["AscendersBane","Strike_R","Strike_R","Strike_R","Defend_R","Defend_R","Defend_R","Defend_R","Bash","Searing Blow+5","Disarm","Shrug It Off","Pommel Strike","Disarm","Barricade","Iron Wave","Corruption","Sentinel","Pommel Strike+1","Metallicize","Shrug It Off","Writhe","Evolve","Pommel Strike+1","Impervious+1","True Grit+1","Dropkick","Seeing Red+1","Body Slam","Exhume","Body Slam","Body Slam","Shockwave+1","Combust","Disarm+1"],"special_seed":0,"relics":["Burning Blood","HornCleat","Blood Vial","Sundial","Bag of Marbles","Snecko Eye","CaptainsWheel","Mummified Hand","Meat on the Bone","Self Forming Clay","Blue Candle","Du-Vu Doll","Sozu","Membership Card","Bronze Scales","Omamori","TheAbacus","Bottled Tornado"],"potions_floor_usage":[],"damage_taken":[{"damage":14.0,"enemies":"Jaw Worm","floor":1.0,"turns":4.0},{"damage":3.0,"enemies":"2 Louse","floor":2.0,"turns":4.0},{"damage":2.0,"enemies":"Small Slimes","floor":4.0,"turns":4.0},{"damage":17.0,"enemies":"3 Sentries","floor":7.0,"turns":8.0},{"damage":37.0,"enemies":"Lagavulin","floor":10.0,"turns":8.0},{"damage":1.0,"enemies":"Blue Slaver","floor":13.0,"turns":5.0},{"damage":4.0,"enemies":"3 Louse","floor":14.0,"turns":5.0},{"damage":10.0,"enemies":"Hexaghost","floor":16.0,"turns":9.0},{"damage":2.0,"enemies":"3 Byrds","floor":18.0,"turns":5.0},{"damage":16.0,"enemies":"Shell Parasite","floor":20.0,"turns":4.0},{"damage":4.0,"enemies":"Snake Plant","floor":21.0,"turns":3.0},{"damage":16.0,"enemies":"Chosen and Byrds","floor":22.0,"turns":7.0},{"damage":1.0,"enemies":"Book of Stabbing","floor":23.0,"turns":6.0},{"damage":0.0,"enemies":"3 Cultists","floor":24.0,"turns":5.0},{"damage":18.0,"enemies":"Gremlin Leader","floor":27.0,"turns":5.0},{"damage":9.0,"enemies":"Book of Stabbing","floor":29.0,"turns":6.0},{"damage":8.0,"enemies":"Cultist and Chosen","floor":30.0,"turns":5.0},{"damage":11.0,"enemies":"Snake Plant","floor":31.0,"turns":3.0},{"damage":2.0,"enemies":"Automaton","floor":33.0,"turns":8.0},{"damage":14.0,"enemies":"3 Darklings","floor":35.0,"turns":4.0},{"damage":2.0,"enemies":"Orb Walker","floor":36.0,"turns":3.0},{"damage":8.0,"enemies":"3 Darklings","floor":38.0,"turns":5.0},{"damage":1.0,"enemies":"Jaw Worm Horde","floor":40.0,"turns":4.0},{"damage":4.0,"enemies":"Reptomancer","floor":41.0,"turns":5.0},{"damage":12.0,"enemies":"4 Shapes","floor":44.0,"turns":5.0},{"damage":1.0,"enemies":"Writhing Mass","floor":45.0,"turns":4.0},{"damage":9.0,"enemies":"3 Darklings","floor":48.0,"turns":4.0},{"damage":22.0,"enemies":"Donu and Deca","floor":50.0,"turns":6.0},{"damage":18.0,"enemies":"Awakened One","floor":51.0,"turns":6.0},{"damage":34.0,"enemies":"Shield and Spear","floor":55.0,"turns":6.0},{"damage":28,"enemies":"The Heart","floor":56,"turns":8}],"seed_played":"-4702625526956203476","potions_obtained":[{"floor":1.0,"key":"BloodPotion"},{"floor":2.0,"key":"DuplicationPotion"},{"floor":13.0,"key":"BloodPotion"},{"floor":14.0,"key":"PowerPotion"},{"floor":18.0,"key":"EntropicBrew"},{"floor":22.0,"key":"LiquidBronze"},{"floor":33.0,"key":"Ancient Potion"}],"is_trial":false,"path_per_floor":["M","M","?","M","$","R","E","R","T","E","$","R","M","M","R","B",null,"M","?","M","M","M","E","M","$","T","E","?","E","M","M","R","B",null,"M","M","$","M","?","M","E","?","T","M","M","R","$","M","R","B","B",null,"R","$","E","B",null],"character_chosen":"IRONCLAD","items_purchased":["Pommel Strike","Iron Wave","Shrug It Off","Membership Card","Bronze Scales","Dropkick","TheAbacus","Body Slam","Combust"],"campfire_rested":0,"item_purchase_floors":[5,11,25,37,37,37,47,47,54],"current_hp_per_floor":[60,63,63,67,67,67,56,56,56,27,27,27,34,53,53,51,69,75,75,65,69,75,75,75,75,75,63,63,62,62,59,59,65,73,67,73,73,73,73,75,75,71,71,65,71,71,71,68,68,54,44,64,64,64,50,42],"gold":27,"neow_bonus":"REMOVE_CARD","is_prod":false,"is_daily":false,"chose_seed":false,"campfire_upgraded":7,"win_rate":0,"timestamp":1632202531,"path_taken":["M","M","?","M","$","R","E","R","T","E","$","R","M","M","R","BOSS","M","?","M","M","M","E","M","$","T","E","?","E","M","M","R","BOSS","M","M","$","M","?","M","E","?","T","M","M","R","$","M","R","BOSS","BOSS","R","$","E","BOSS"],"build_version":"2020-12-22","purchased_purges":2,"victory":true,"max_hp_per_floor":[75,75,75,75,75,75,75,75,75,75,75,75,75,75,75,75,75,75,75,75,75,75,75,75,75,75,75,75,75,75,75,75,75,75,75,75,75,75,75,75,75,71,71,71,71,71,71,71,71,71,71,71,71,71,71,71],"card_choices":[{"not_picked":["Sentinel","Clash"],"picked":"Searing Blow","floor":1.0},{"not_picked":["Warcry","Body Slam"],"picked":"Disarm","floor":2.0},{"not_picked":["Flex","Burning Pact"],"picked":"Shrug It Off","floor":4.0},{"not_picked":["Blood for Blood","Flex"],"picked":"Disarm","floor":7.0},{"not_picked":["Anger","Pommel Strike"],"picked":"Barricade","floor":10.0},{"not_picked":["Twin Strike","Pommel Strike","Clothesline"],"picked":"SKIP","floor":13.0},{"not_picked":["Havoc","Disarm","Rage"],"picked":"SKIP","floor":14.0},{"not_picked":["Bludgeon","Immolate"],"picked":"Corruption","floor":16.0},{"not_picked":["Reckless Charge","Twin Strike","Blood for Blood"],"picked":"SKIP","floor":18.0},{"not_picked":["Pommel Strike","Rampage"],"picked":"Sentinel","floor":20.0},{"not_picked":["Second Wind","Sword Boomerang+1","Infernal Blade"],"picked":"SKIP","floor":21.0},{"not_picked":["Wild Strike","Exhume"],"picked":"Pommel Strike+1","floor":22.0},{"not_picked":["Berserk","Immolate"],"picked":"Metallicize","floor":23.0},{"not_picked":["Heavy Blade","Armaments","Headbutt+1"],"picked":"SKIP","floor":24.0},{"not_picked":["Anger","Thunderclap"],"picked":"Shrug It Off","floor":27.0},{"not_picked":["Searing Blow","Sever Soul","Corruption"],"picked":"SKIP","floor":29.0},{"not_picked":["Sword Boomerang","Warcry"],"picked":"Evolve","floor":30.0},{"not_picked":["Second Wind+1","Warcry"],"picked":"Pommel Strike+1","floor":31.0},{"not_picked":["Exhume","Berserk"],"picked":"Impervious","floor":33.0},{"not_picked":["Armaments","Havoc+1"],"picked":"True Grit+1","floor":35.0},{"not_picked":["Reckless Charge+1","Twin Strike+1","Sword Boomerang"],"picked":"SKIP","floor":36.0},{"not_picked":["Spot Weakness","Pommel Strike"],"picked":"Seeing Red+1","floor":38.0},{"not_picked":["Wild Strike","Hemokinesis"],"picked":"Body Slam","floor":40.0},{"not_picked":["Thunderclap","Heavy Blade"],"picked":"Exhume","floor":41.0},{"not_picked":["Armaments","Flex","Searing Blow"],"picked":"SKIP","floor":44.0},{"not_picked":["Armaments","Warcry+1"],"picked":"Body Slam","floor":45.0},{"not_picked":["Uppercut+1","Havoc+1"],"picked":"Shockwave","floor":48.0},{"not_picked":["Berserk","Body Slam"],"picked":"Disarm+1","floor":55.0}],"player_experience":1672750,"relics_obtained":[{"floor":7.0,"key":"Blood Vial"},{"floor":9.0,"key":"Sundial"},{"floor":10.0,"key":"Bag of Marbles"},{"floor":23.0,"key":"Mummified Hand"},{"floor":26.0,"key":"Meat on the Bone"},{"floor":27.0,"key":"Self Forming Clay"},{"floor":29.0,"key":"Du-Vu Doll"},{"floor":41.0,"key":"Omamori"},{"floor":55.0,"key":"Bottled Tornado"}],"event_choices":[{"damage_healed":0.0,"max_hp_gain":0.0,"max_hp_loss":0.0,"gold_gain":0.0,"event_name":"Big Fish","player_choice":"Box","floor":3.0,"gold_loss":0.0,"damage_taken":0.0,"relics_obtained":["HornCleat"],"cards_obtained":["Regret"]},{"damage_healed":0.0,"max_hp_gain":0.0,"max_hp_loss":0.0,"gold_gain":0.0,"event_name":"Addict","player_choice":"Obtained Relic","floor":19.0,"gold_loss":85.0,"damage_taken":0.0,"relics_obtained":["CaptainsWheel"]},{"damage_healed":0.0,"max_hp_gain":0.0,"max_hp_loss":0.0,"gold_gain":0.0,"event_name":"The Mausoleum","player_choice":"Opened","floor":28.0,"gold_loss":0.0,"damage_taken":0.0,"relics_obtained":["Blue Candle"],"cards_obtained":["Writhe"]},{"cards_removed":["Shrug It Off"],"damage_healed":0.0,"max_hp_gain":0.0,"max_hp_loss":0.0,"gold_gain":0.0,"event_name":"Falling","player_choice":"Removed Skill","floor":39.0,"gold_loss":0.0,"damage_taken":0.0},{"damage_healed":0.0,"max_hp_gain":0.0,"max_hp_loss":4.0,"gold_gain":0.0,"event_name":"Winding Halls","player_choice":"Max HP","floor":42.0,"gold_loss":0.0,"damage_taken":0.0}],"is_beta":false,"boss_relics":[{"not_picked":["Runic Pyramid","Empty Cage"],"picked":"Snecko Eye"},{"not_picked":["Velvet Choker","Tiny House"],"picked":"Sozu"}],"items_purged_floors":[5,37],"is_endless":false,"potions_floor_spawned":[1,2,13,14,18,22,23,33,36,40,41,55],"ascension_level":20}