{"gold_per_floor":[109,109,25,36,111,111,127,127,151,151,227,247,259,259,259,259],"floor_reached":16,"playtime":185,"items_purged":[],"score":180,"play_id":"08454f2e-c103-4373-84cc-c7726dd9f47b","local_time":"20210926170825","is_ascension_mode":true,"campfire_choices":[{"data":"Bash","floor":6,"key":"SMITH"},{"data":"Cleave","floor":8,"key":"SMITH"},{"data":"Sword Boomerang","floor":10,"key":"SMITH"},{"floor":15,"key":"RECALL"}],"neow_cost":"NONE","seed_source_timestamp":4390739974739500,"circlet_count":0,"master_deck":["AscendersBane","Strike_R","Strike_R","Strike_R","Strike_R","Strike_R","Defend_R","Defend_R","Defend_R+1","Defend_R+1","Bash+1","Iron Wave","Shrug It Off","Sword Boomerang+1","Iron Wave","Cleave+1","Whirlwind","Perfected Strike"],"relics":["Burning Blood","NeowsBlessing","Lantern"],"potions_floor_usage":[13],"damage_taken":[{"damage":0,"enemies":"Small Slimes","floor":1,"turns":1},{"damage":0,"enemies":"Jaw Worm","floor":4,"turns":1},{"damage":0,"enemies":"Cultist","floor":7,"turns":1},{"damage":7,"enemies":"3 Louse","floor":12,"turns":4},{"damage":0,"enemies":"Exordium Wildlife","floor":13,"turns":1},{"damage":0,"enemies":"Hexaghost","floor":16,"turns":1}],"seed_played":"7368018487074007444","potions_obtained":[{"floor":4,"key":"Energy Potion"},{"floor":13,"key":"ColorlessPotion"}],"is_trial":false,"path_per_floor":["M","?","$","M","?","R","M","R","T","R","?","M","M","$","R","B"],"character_chosen":"IRONCLAD","items_purchased":["Shrug It Off","Sword Boomerang"],"campfire_rested":0,"item_purchase_floors":[3,3],"current_hp_per_floor":[74,51,51,57,46,46,52,52,52,52,52,51,57,57,57,57],"gold":259,"neow_bonus":"THREE_ENEMY_KILL","is_prod":false,"is_daily":false,"chose_seed":false,"campfire_upgraded":3,"win_rate":0,"timestamp":1632694105,"path_taken":["M","?","$","M","?","R","M","R","T","R","?","M","M","$","R","BOSS"],"build_version":"2020-12-22","purchased_purges":0,"victory":false,"max_hp_per_floor":[75,75,75,75,75,75,75,75,75,75,75,75,75,75,75,75],"card_choices":[{"not_picked":["Body Slam","Dark Embrace"],"picked":"Iron Wave","floor":1},{"not_picked":["Body Slam","Burning Pact"],"picked":"Iron Wave","floor":4},{"not_picked":["True Grit","Twin Strike"],"picked":"Cleave","floor":7},{"not_picked":["Entrench","Burning Pact"],"picked":"Whirlwind","floor":12},{"not_picked":["Body Slam","Havoc"],"picked":"Perfected Strike","floor":13}],"player_experience":1711384,"relics_obtained":[{"floor":9,"key":"Lantern"}],"event_choices":[{"damage_healed":0,"gold_gain":0,"player_choice":"Entered Light","damage_taken":23,"max_hp_gain":0,"max_hp_loss":0,"event_name":"Shining Light","floor":2,"gold_loss":0,"cards_upgraded":["Defend_R","Defend_R"]},{"damage_healed":0,"gold_gain":75,"player_choice":"Gather Gold","damage_taken":11,"max_hp_gain":0,"max_hp_loss":0,"event_name":"World of Goop","floor":5,"gold_loss":0},{"damage_healed":0,"gold_gain":76,"player_choice":"Gained Gold","damage_taken":0,"max_hp_gain":0,"max_hp_loss":0,"event_name":"Golden Wing","floor":11,"gold_loss":0}],"is_beta":false,"boss_relics":[],"items_purged_floors":[],"is_endless":false,"potions_floor_spawned":[4,13],"killed_by":"Hexaghost","ascension_level":20}