{"gold_per_floor":[113,113,113,123,123,142,142,158,185,218,57,57,88,108,108,180,180,192,27,45,45,45,76,87,87,87,106,106,122,138,168,168,243,243,257,267,30,80,93,93,104,134,188,188,215,215,215,234,234,234,234,234,234,77,111,111],"floor_reached":57,"playtime":3562,"items_purged":["Strike_R","Strike_R"],"score":2749,"play_id":"7ba1e3a9-838b-4a2b-a087-aebe79f51d3f","local_time":"20210922001427","is_ascension_mode":true,"campfire_choices":[{"floor":12.0,"key":"REST"},{"data":"Uppercut","floor":15.0,"key":"SMITH"},{"data":"Fiend Fire","floor":25.0,"key":"SMITH"},{"data":"Feed","floor":28.0,"key":"SMITH"},{"data":"Pommel Strike","floor":32.0,"key":"SMITH"},{"data":"Rupture","floor":40.0,"key":"SMITH"},{"data":"Demon Form","floor":44.0,"key":"SMITH"},{"data":"Brutality","floor":46.0,"key":"SMITH"},{"floor":49.0,"key":"RECALL"},{"data":"Impervious","floor":53.0,"key":"SMITH"}],"neow_cost":"NONE","seed_source_timestamp":3980150595025500,"circlet_count":0,"master_deck":["AscendersBane","Strike_R+1","Strike_R","Defend_R","Defend_R","Defend_R","Defend_R","Bash","Reaper","Twin Strike+1","Uppercut+1","Anger","Pommel Strike+1","Fiend Fire+1","Impervious+1","Reaper","Shrug It Off","Feed+1","Power Through","Feel No Pain+1","Brutality+1","CurseOfTheBell","Rupture+1","Battle Trance+1","Impervious+1","Demon Form+1","True Grit+1"],"special_seed":0,"relics":["Burning Blood","Regal Pillow","Anchor","Happy Flower","Strawberry","MealTicket","Velvet Choker","Akabeko","Enchiridion","FaceOfCleric","Vajra","Eternal Feather","Toxic Egg 2","Calling Bell","Paper Frog","FossilizedHelix","Boot","Red Skull","Bird Faced Urn","Kunai","Mercury Hourglass","Centennial Puzzle"],"potions_floor_usage":[56,56],"damage_taken":[{"damage":28.0,"enemies":"Jaw Worm","floor":1.0,"turns":6.0},{"damage":7.0,"enemies":"Small Slimes","floor":4.0,"turns":5.0},{"damage":4.0,"enemies":"2 Louse","floor":6.0,"turns":3.0},{"damage":7.0,"enemies":"Blue Slaver","floor":8.0,"turns":4.0},{"damage":30.0,"enemies":"3 Sentries","floor":10.0,"turns":8.0},{"damage":35.0,"enemies":"Lagavulin","floor":13.0,"turns":6.0},{"damage":6.0,"enemies":"3 Louse","floor":14.0,"turns":4.0},{"damage":20.0,"enemies":"The Guardian","floor":16.0,"turns":12.0},{"damage":24.0,"enemies":"Chosen","floor":18.0,"turns":4.0},{"damage":6.0,"enemies":"Shell Parasite","floor":20.0,"turns":3.0},{"damage":23.0,"enemies":"Gremlin Leader","floor":23.0,"turns":7.0},{"damage":0.0,"enemies":"Snake Plant","floor":24.0,"turns":1.0},{"damage":1.0,"enemies":"Centurion and Healer","floor":27.0,"turns":2.0},{"damage":27.0,"enemies":"Cultist and Chosen","floor":29.0,"turns":4.0},{"damage":17.0,"enemies":"3 Cultists","floor":30.0,"turns":5.0},{"damage":12.0,"enemies":"Slavers","floor":31.0,"turns":5.0},{"damage":92.0,"enemies":"Collector","floor":33.0,"turns":7.0},{"damage":12.0,"enemies":"3 Shapes","floor":35.0,"turns":8.0},{"damage":32.0,"enemies":"3 Darklings","floor":36.0,"turns":7.0},{"damage":43.0,"enemies":"2 Orb Walkers","floor":38.0,"turns":4.0},{"damage":37.0,"enemies":"Jaw Worm Horde","floor":39.0,"turns":6.0},{"damage":31.0,"enemies":"4 Shapes","floor":41.0,"turns":7.0},{"damage":0.0,"enemies":"Reptomancer","floor":42.0,"turns":2.0},{"damage":28.0,"enemies":"Giant Head","floor":45.0,"turns":6.0},{"damage":44.0,"enemies":"Maw","floor":48.0,"turns":6.0},{"damage":13.0,"enemies":"Time Eater","floor":50.0,"turns":7.0},{"damage":42.0,"enemies":"Donu and Deca","floor":51.0,"turns":9.0},{"damage":35.0,"enemies":"Shield and Spear","floor":55.0,"turns":6.0},{"damage":106,"enemies":"The Heart","floor":56,"turns":9}],"seed_played":"-5082973377082912332","potions_obtained":[{"floor":8.0,"key":"SpeedPotion"},{"floor":10.0,"key":"SpeedPotion"},{"floor":13.0,"key":"SteroidPotion"},{"floor":16.0,"key":"DuplicationPotion"},{"floor":23.0,"key":"DuplicationPotion"},{"floor":27.0,"key":"SkillPotion"},{"floor":35.0,"key":"EssenceOfSteel"},{"floor":39.0,"key":"SteroidPotion"},{"floor":41.0,"key":"Swift Potion"},{"floor":48.0,"key":"AttackPotion"},{"floor":55.0,"key":"LiquidBronze"}],"is_trial":false,"path_per_floor":["M","?","?","M","?","M","T","M","T","E","$","R","E","M","R","B",null,"M","$","M","?","?","E","M","R","T","M","R","M","M","E","R","B",null,"M","M","$","?","M","R","M","E","T","R","E","R","?","M","R","B","B",null,"R","$","E","B",null],"character_chosen":"IRONCLAD","items_purchased":["Fiend Fire","Akabeko","Red Skull","ColorlessPotion"],"campfire_rested":1,"item_purchase_floors":[11,19,37,54],"current_hp_per_floor":[50,43,20,22,17,23,23,26,26,17,17,56,30,34,34,26,68,60,75,75,54,54,79,84,84,84,88,88,72,73,102,103,46,90,104,106,114,78,96,111,106,113,113,126,127,127,127,98,113,129,129,136,138,138,110,82],"gold":111,"neow_bonus":"ONE_RANDOM_RARE_CARD","is_prod":false,"is_daily":false,"chose_seed":false,"campfire_upgraded":8,"win_rate":0,"timestamp":1632287667,"path_taken":["M","?","?","M","?","M","?","M","T","E","$","R","E","?","R","BOSS","M","$","M","?","?","E","?","R","T","M","R","M","M","E","R","BOSS","M","M","$","?","M","R","M","E","T","R","E","R","?","M","R","BOSS","BOSS","R","$","E","BOSS"],"build_version":"2020-12-22","purchased_purges":2,"victory":true,"max_hp_per_floor":[75,75,75,75,75,75,75,75,75,82,82,82,82,82,82,82,82,82,82,82,82,82,83,84,84,84,88,88,93,98,103,103,104,104,109,114,114,115,120,120,125,126,126,126,127,127,127,128,128,133,138,138,138,138,139,140],"card_choices":[{"not_picked":["Sword Boomerang","Flex"],"picked":"Twin Strike","floor":1.0},{"not_picked":["Perfected Strike","Cleave"],"picked":"Uppercut","floor":4.0},{"not_picked":["Clothesline","True Grit"],"picked":"Anger","floor":6.0},{"not_picked":["Havoc","Thunderclap","Perfected Strike"],"picked":"SKIP","floor":8.0},{"not_picked":["Sword Boomerang","Entrench"],"picked":"Pommel Strike","floor":10.0},{"not_picked":["Cleave","Thunderclap"],"picked":"Impervious","floor":13.0},{"not_picked":["Flex","Headbutt","Cleave"],"picked":"SKIP","floor":14.0},{"not_picked":["Limit Break","Brutality"],"picked":"Reaper","floor":16.0},{"not_picked":["Rage","Havoc","Rampage"],"picked":"SKIP","floor":18.0},{"not_picked":["Heavy Blade","Rampage"],"picked":"Shrug It Off","floor":20.0},{"not_picked":["Thunderclap","Iron Wave","True Grit"],"picked":"SKIP","floor":23.0},{"not_picked":["Twin Strike","Anger"],"picked":"Feed","floor":24.0},{"not_picked":["Body Slam+1","Flex","Burning Pact"],"picked":"SKIP","floor":27.0},{"not_picked":["Cleave","Infernal Blade"],"picked":"Power Through","floor":29.0},{"not_picked":["Sword Boomerang","Ghostly Armor"],"picked":"Feel No Pain+1","floor":30.0},{"not_picked":["Hemokinesis","Rage+1","Body Slam"],"picked":"SKIP","floor":31.0},{"not_picked":["Immolate","Bludgeon"],"picked":"Brutality","floor":33.0},{"not_picked":["Headbutt+1","Armaments+1"],"picked":"Rupture","floor":35.0},{"not_picked":["Infernal Blade+1","Flex+1","Sentinel+1"],"picked":"SKIP","floor":36.0},{"not_picked":["Shrug It Off+1","Clash+1"],"picked":"Battle Trance+1","floor":39.0},{"not_picked":["Dark Embrace","Carnage"],"picked":"Impervious+1","floor":41.0},{"not_picked":["Clash","Burning Pact+1"],"picked":"Demon Form","floor":42.0},{"not_picked":["Clothesline","Whirlwind+1","Sever Soul"],"picked":"SKIP","floor":45.0},{"not_picked":["Body Slam","Dropkick+1","Thunderclap"],"picked":"SKIP","floor":48.0},{"not_picked":["Cleave","Flex+1","Barricade"],"picked":"SKIP","floor":55.0}],"player_experience":1680407,"relics_obtained":[{"floor":7.0,"key":"Anchor"},{"floor":9.0,"key":"Happy Flower"},{"floor":10.0,"key":"Strawberry"},{"floor":13.0,"key":"MealTicket"},{"floor":21.0,"key":"Enchiridion"},{"floor":23.0,"key":"Vajra"},{"floor":26.0,"key":"Eternal Feather"},{"floor":31.0,"key":"Toxic Egg 2"},{"floor":34.0,"key":"Paper Frog"},{"floor":34.0,"key":"FossilizedHelix"},{"floor":34.0,"key":"Boot"},{"floor":38.0,"key":"Bird Faced Urn"},{"floor":42.0,"key":"Kunai"},{"floor":45.0,"key":"Mercury Hourglass"},{"floor":55.0,"key":"Centennial Puzzle"}],"event_choices":[{"cards_removed":["Strike_R"],"damage_healed":0.0,"max_hp_gain":0.0,"max_hp_loss":0.0,"gold_gain":0.0,"event_name":"Golden Wing","player_choice":"Card Removal","floor":2.0,"gold_loss":0.0,"damage_taken":7.0},{"damage_healed":0.0,"max_hp_gain":0.0,"max_hp_loss":0.0,"gold_gain":0.0,"event_name":"Shining Light","player_choice":"Entered Light","floor":3.0,"gold_loss":0.0,"damage_taken":23.0,"cards_upgraded":["Twin Strike","Strike_R"]},{"damage_healed":0.0,"max_hp_gain":0.0,"max_hp_loss":0.0,"gold_gain":0.0,"event_name":"Scrap Ooze","player_choice":"Success","floor":5.0,"gold_loss":0.0,"damage_taken":5.0,"relics_obtained":["Regal Pillow"]},{"damage_healed":0.0,"max_hp_gain":0.0,"max_hp_loss":0.0,"gold_gain":0.0,"event_name":"Cursed Tome","player_choice":"Obtained Book","floor":21.0,"gold_loss":0.0,"damage_taken":21.0},{"damage_healed":0.0,"max_hp_gain":0.0,"max_hp_loss":0.0,"gold_gain":0.0,"event_name":"FaceTrader","player_choice":"Trade","floor":22.0,"gold_loss":0.0,"damage_taken":0.0,"relics_obtained":["FaceOfCleric"]},{"damage_healed":0.0,"max_hp_gain":0.0,"max_hp_loss":0.0,"gold_gain":0.0,"event_name":"Mysterious Sphere","player_choice":"Fight","floor":38.0,"gold_loss":0.0,"damage_taken":0.0},{"damage_healed":0.0,"max_hp_gain":0.0,"max_hp_loss":0.0,"gold_gain":0.0,"event_name":"Match and Keep!","player_choice":"1 cards matched","floor":47.0,"gold_loss":0.0,"damage_taken":0.0,"cards_obtained":["True Grit"]}],"is_beta":false,"boss_relics":[{"not_picked":["Sozu","SacredBark"],"picked":"Velvet Choker"},{"not_picked":["Runic Dome","Empty Cage"],"picked":"Calling Bell"}],"items_purged_floors":[37,54],"is_endless":false,"potions_floor_spawned":[8,10,13,16,23,27,29,35,39,41,48,55],"ascension_level":20}