{"gold_per_floor":[10,22,41,41,116,116,148,148,220,220,220,220],"floor_reached":12,"playtime":434,"items_purged":[],"score":152,"play_id":"20b24d89-5239-49db-97fd-a59cf3493ba3","local_time":"20210925031050","is_ascension_mode":true,"campfire_choices":[{"data":"Uppercut","floor":6,"key":"SMITH"},{"data":"Whirlwind","floor":8,"key":"SMITH"},{"data":"Pummel","floor":10,"key":"SMITH"}],"neow_cost":"NO_GOLD","seed_source_timestamp":4253836338965600,"circlet_count":0,"master_deck":["AscendersBane","Strike_R","Strike_R","Strike_R","Strike_R","Defend_R","Defend_R","Defend_R","Defend_R","Bash","Rampage","Whirlwind+1","Uppercut+1","Pummel+1"],"relics":["Burning Blood","Du-Vu Doll","Matryoshka"],"potions_floor_usage":[7,12],"damage_taken":[{"damage":10,"enemies":"2 Louse","floor":1,"turns":2},{"damage":7,"enemies":"Jaw Worm","floor":2,"turns":3},{"damage":0,"enemies":"Small Slimes","floor":3,"turns":3},{"damage":35,"enemies":"3 Sentries","floor":7,"turns":7},{"damage":16,"enemies":"Lagavulin","floor":12,"turns":4}],"seed_played":"7176922147747202769","potions_obtained":[{"floor":2,"key":"AttackPotion"},{"floor":7,"key":"PowerPotion"}],"is_trial":false,"path_per_floor":["M","M","M","$","?","R","E","R","T","R","?","E"],"character_chosen":"IRONCLAD","items_purchased":[],"campfire_rested":0,"item_purchase_floors":[],"current_hp_per_floor":[64,63,69,69,58,58,29,29,29,29,22,6],"gold":220,"neow_bonus":"ONE_RARE_RELIC","is_prod":false,"is_daily":false,"chose_seed":false,"campfire_upgraded":3,"win_rate":0,"timestamp":1632557450,"path_taken":["M","M","M","$","?","R","E","R","T","R","?","E"],"build_version":"2020-12-22","purchased_purges":0,"victory":false,"max_hp_per_floor":[75,75,75,75,75,75,75,75,75,75,75,75],"card_choices":[{"not_picked":["Warcry","Thunderclap"],"picked":"Rampage","floor":1},{"not_picked":["Twin Strike","Ghostly Armor"],"picked":"Whirlwind","floor":2},{"not_picked":["Ghostly Armor","Body Slam"],"picked":"Uppercut","floor":3},{"not_picked":["Dropkick","Headbutt"],"picked":"Pummel","floor":7}],"player_experience":1693765,"relics_obtained":[{"floor":9,"key":"Matryoshka"}],"event_choices":[{"damage_healed":0,"gold_gain":75,"player_choice":"Gather Gold","damage_taken":11,"max_hp_gain":0,"max_hp_loss":0,"event_name":"World of Goop","floor":5,"gold_loss":0},{"cards_removed":["Strike_R"],"damage_healed":0,"gold_gain":0,"player_choice":"Card Removal","damage_taken":7,"max_hp_gain":0,"max_hp_loss":0,"event_name":"Golden Wing","floor":11,"gold_loss":0}],"is_beta":false,"boss_relics":[],"items_purged_floors":[],"is_endless":false,"potions_floor_spawned":[2,7],"killed_by":"Lagavulin","ascension_level":20}