{"gold_per_floor":[118,43,118,138,154,154,184,204,204,237,251,285,97,111,111,186,186,204,94,113,181,181,211,111,124,124,142,154,188,17,37,37,112,112,122,133,148,167,187,212,212,241,241,73,84,84,0,18,18,18,18,18,18,18,53,53],"floor_reached":57,"playtime":3788,"items_purged":["Normality","Writhe"],"score":2756,"play_id":"fc40af63-acb3-4b52-b9cf-da253ab1915d","local_time":"20210926122942","is_ascension_mode":true,"campfire_choices":[{"data":"Bash","floor":6.0,"key":"SMITH"},{"data":"Armaments","floor":15.0,"key":"SMITH"},{"data":"Double Tap","floor":32,"key":"SMITH"},{"data":"Fiend Fire","floor":41,"key":"SMITH"},{"data":"Feel No Pain","floor":46,"key":"SMITH"},{"floor":49,"key":"RECALL"},{"data":"Shockwave","floor":53,"key":"SMITH"}],"neow_cost":"CURSE","seed_source_timestamp":4370342714129300,"circlet_count":0,"master_deck":["AscendersBane","Strike_R","Strike_R","Strike_R","Strike_R","Defend_R","Defend_R","Defend_R","Defend_R","Bash+1","Reaper","Infernal Blade","Power Through","Anger","Armaments+1","Ghostly Armor","Feed","Sword Boomerang","Sword Boomerang+1","Impervious","Sword Boomerang","Impervious","Dual Wield+1","Sword Boomerang","Dual Wield","Double Tap+1","Shockwave+1","Shrug It Off","Corruption","Feel No Pain+1","Fiend Fire+1","Disarm+1","Impervious","Impervious"],"special_seed":0,"relics":["Burning Blood","Nunchaku","Pear","CaptainsWheel","Orichalcum","Brimstone","Snecko Eye","HornCleat","Lizard Tail","Darkstone Periapt","Meat on the Bone","Unceasing Top","Orrery","Coffee Dripper","Mummified Hand","Singing Bowl","Red Mask","Champion Belt"],"potions_floor_usage":[56,56,56],"damage_taken":[{"damage":12.0,"enemies":"2 Louse","floor":1.0,"turns":4.0},{"damage":14.0,"enemies":"Jaw Worm","floor":4.0,"turns":3.0},{"damage":0.0,"enemies":"Cultist","floor":5.0,"turns":3.0},{"damage":39.0,"enemies":"Gremlin Nob","floor":7.0,"turns":4.0},{"damage":1.0,"enemies":"Exordium Thugs","floor":8.0,"turns":6.0},{"damage":25.0,"enemies":"Lagavulin","floor":10.0,"turns":7.0},{"damage":1.0,"enemies":"Looter","floor":11.0,"turns":3.0},{"damage":10.0,"enemies":"3 Sentries","floor":12.0,"turns":8.0},{"damage":9.0,"enemies":"Exordium Wildlife","floor":14.0,"turns":4.0},{"damage":18.0,"enemies":"The Guardian","floor":16.0,"turns":6.0},{"damage":16.0,"enemies":"Spheric Guardian","floor":18.0,"turns":5.0},{"damage":0.0,"enemies":"Chosen","floor":20.0,"turns":2.0},{"damage":66.0,"enemies":"Gremlin Leader","floor":23.0,"turns":7.0},{"damage":0,"enemies":"Centurion and Healer","floor":25,"turns":7},{"damage":1,"enemies":"Sentry and Sphere","floor":27,"turns":4},{"damage":16,"enemies":"Snake Plant","floor":28,"turns":5},{"damage":8,"enemies":"Book of Stabbing","floor":29,"turns":4},{"damage":0,"enemies":"Chosen and Byrds","floor":31,"turns":4},{"damage":90,"enemies":"Automaton","floor":33,"turns":10},{"damage":1,"enemies":"Orb Walker","floor":35,"turns":3},{"damage":5,"enemies":"3 Shapes","floor":36,"turns":5},{"damage":8,"enemies":"3 Darklings","floor":37,"turns":3},{"damage":12,"enemies":"Maw","floor":38,"turns":6},{"damage":5,"enemies":"Transient","floor":39,"turns":6},{"damage":11,"enemies":"Nemesis","floor":40,"turns":5},{"damage":61,"enemies":"Reptomancer","floor":42,"turns":7},{"damage":4,"enemies":"Writhing Mass","floor":45,"turns":5},{"damage":0,"enemies":"Sphere and 2 Shapes","floor":48,"turns":3},{"damage":84,"enemies":"Awakened One","floor":50,"turns":9},{"damage":18,"enemies":"Time Eater","floor":51,"turns":10},{"damage":50,"enemies":"Shield and Spear","floor":55,"turns":9},{"damage":20,"enemies":"The Heart","floor":56,"turns":8}],"seed_played":"1460881526322019319","potions_obtained":[{"floor":1.0,"key":"Energy Potion"},{"floor":5.0,"key":"Block Potion"},{"floor":10.0,"key":"EntropicBrew"},{"floor":11.0,"key":"Swift Potion"},{"floor":12.0,"key":"ColorlessPotion"},{"floor":16.0,"key":"PowerPotion"}],"is_trial":false,"path_per_floor":["M","$","?","M","M","R","E","M","T","E","M","E","$","M","R","B",null,"M","?","M","T","?","E","$","M","T","M","M","E","$","M","R","B",null,"M","M","M","M","M","E","R","E","T","$","M","R","?","M","R","B","B",null,"R","$","E","B",null],"character_chosen":"IRONCLAD","items_purchased":["Brimstone","Sword Boomerang","Orrery","Impervious"],"campfire_rested":0,"item_purchase_floors":[13,13,30,44],"current_hp_per_floor":[69,69,58,54,64,64,37,52,62,45,56,60,60,60,60,49,78,82,82,95,95,95,47,47,82,82,98,95,107,107,112,112,58,99,107,118,118,112,118,113,113,89,89,89,96,96,96,127,127,94,106,127,127,127,112,120],"gold":53,"neow_bonus":"THREE_RARE_CARDS","is_prod":false,"is_daily":false,"chose_seed":false,"campfire_upgraded":6,"win_rate":0,"timestamp":1632677382,"path_taken":["M","$","?","M","M","R","E","M","T","E","M","E","$","M","R","BOSS","M","?","?","?","?","E","$","M","T","M","M","E","$","M","R","BOSS","M","M","M","M","M","E","R","E","T","$","M","R","?","M","R","BOSS","BOSS","R","$","E","BOSS"],"build_version":"2020-12-22","purchased_purges":2,"victory":true,"max_hp_per_floor":[75,75,75,75,75,75,75,75,85,85,85,85,85,88,88,88,88,92,92,95,95,95,99,99,103,103,106,106,109,109,112,112,112,112,115,118,118,118,118,118,118,121,121,121,126,126,126,131,131,134,134,134,134,134,136,136],"card_choices":[{"not_picked":["Corruption","Demon Form"],"picked":"Reaper","floor":0.0},{"not_picked":["Warcry","Perfected Strike"],"picked":"Infernal Blade","floor":1.0},{"not_picked":["Dual Wield","Fire Breathing"],"picked":"Power Through","floor":4.0},{"not_picked":["Reckless Charge","True Grit"],"picked":"Anger","floor":5.0},{"not_picked":["Intimidate","Burning Pact"],"picked":"Armaments","floor":7.0},{"not_picked":["Juggernaut","Anger","Entrench"],"picked":"SKIP","floor":8.0},{"not_picked":["Iron Wave","Clothesline"],"picked":"Ghostly Armor","floor":10.0},{"not_picked":["Sword Boomerang","Rage","Heavy Blade"],"picked":"SKIP","floor":11.0},{"not_picked":["Flex","Heavy Blade"],"picked":"Feed","floor":12.0},{"not_picked":["Reckless Charge","True Grit"],"picked":"Sword Boomerang","floor":14.0},{"not_picked":["Fiend Fire","Bludgeon"],"picked":"Impervious","floor":16.0},{"not_picked":["Clash","Searing Blow","Inflame+1"],"picked":"SKIP","floor":18.0},{"not_picked":["Perfected Strike","Flex"],"picked":"Sword Boomerang","floor":20.0},{"not_picked":["Anger","Twin Strike"],"picked":"Impervious","floor":23.0},{"not_picked":["Perfected Strike","Flex"],"picked":"Dual Wield+1","floor":25},{"not_picked":["Body Slam","Fire Breathing"],"picked":"Sword Boomerang","floor":27},{"not_picked":["Cleave","Body Slam","Rupture"],"picked":"SKIP","floor":28},{"not_picked":["Cleave","Flex","Body Slam"],"picked":"SKIP","floor":29},{"not_picked":["Armaments","Heavy Blade"],"picked":"Dual Wield","floor":30},{"not_picked":["Pummel","Anger"],"picked":"Double Tap","floor":30},{"not_picked":["True Grit","Clothesline+1"],"picked":"Shockwave","floor":30},{"not_picked":["Havoc","Armaments"],"picked":"Shrug It Off","floor":31},{"not_picked":["Feed","Immolate"],"picked":"Corruption","floor":33},{"not_picked":["Anger+1","Sword Boomerang+1","Twin Strike"],"picked":"SKIP","floor":35},{"not_picked":["Heavy Blade","Body Slam"],"picked":"Feel No Pain","floor":36},{"not_picked":["Warcry","Thunderclap","Whirlwind"],"picked":"SKIP","floor":37},{"not_picked":["Wild Strike+1","Fire Breathing"],"picked":"Fiend Fire","floor":38},{"not_picked":["Cleave","Twin Strike+1","Rage"],"picked":"SKIP","floor":39},{"not_picked":["Heavy Blade","Anger"],"picked":"Disarm+1","floor":40},{"not_picked":["Clothesline+1","Perfected Strike"],"picked":"Impervious","floor":42},{"not_picked":["Clothesline","Infernal Blade","Body Slam+1"],"picked":"Singing Bowl","floor":45},{"not_picked":["Body Slam","Carnage+1","Perfected Strike"],"picked":"Singing Bowl","floor":48},{"not_picked":["Shockwave","Iron Wave+1","Sentinel"],"picked":"Singing Bowl","floor":55}],"player_experience":1703239,"relics_obtained":[{"floor":7.0,"key":"Nunchaku"},{"floor":9.0,"key":"Pear"},{"floor":10.0,"key":"CaptainsWheel"},{"floor":12.0,"key":"Orichalcum"},{"floor":21.0,"key":"HornCleat"},{"floor":23.0,"key":"Darkstone Periapt"},{"floor":26,"key":"Meat on the Bone"},{"floor":29,"key":"Unceasing Top"},{"floor":40,"key":"Mummified Hand"},{"floor":42,"key":"Singing Bowl"},{"floor":55,"key":"Champion Belt"}],"event_choices":[{"damage_healed":0.0,"max_hp_gain":0.0,"max_hp_loss":0.0,"gold_gain":75.0,"event_name":"World of Goop","player_choice":"Gather Gold","floor":3.0,"gold_loss":0.0,"damage_taken":11.0},{"cards_removed":["Strike_R"],"damage_healed":0.0,"max_hp_gain":0.0,"max_hp_loss":0.0,"gold_gain":0.0,"event_name":"Designer","player_choice":"Upgrade and Remove","floor":19.0,"gold_loss":110.0,"damage_taken":0.0,"cards_upgraded":["Sword Boomerang"]},{"damage_healed":0.0,"max_hp_gain":0.0,"max_hp_loss":0.0,"gold_gain":0.0,"event_name":"The Mausoleum","player_choice":"Opened","floor":22.0,"gold_loss":0.0,"damage_taken":0.0,"relics_obtained":["Lizard Tail"],"cards_obtained":["Writhe"]},{"damage_healed":0,"gold_gain":0,"player_choice":"Paid","damage_taken":0,"relics_obtained":["Red Mask"],"max_hp_gain":0,"max_hp_loss":0,"event_name":"Tomb of Lord Red Mask","floor":47,"gold_loss":84}],"is_beta":false,"boss_relics":[{"not_picked":["Tiny House","Runic Pyramid"],"picked":"Snecko Eye"},{"not_picked":["SlaversCollar","Runic Dome"],"picked":"Coffee Dripper"}],"items_purged_floors":[2,24],"is_endless":false,"potions_floor_spawned":[1,5,10,11,12,16,18,20,23,31,33,36,40,45,55],"ascension_level":20}