{"gold_per_floor":[115,126,126,138,160,199,223,260,272,284],"floor_reached":10,"playtime":447,"items_purged":[],"score":156,"play_id":"7c5263c4-55ca-4581-bfac-d904ccec9194","local_time":"20210924181946","is_ascension_mode":true,"campfire_choices":[],"neow_cost":"NONE","seed_source_timestamp":4221959877930499,"circlet_count":0,"master_deck":["AscendersBane","Strike_R","Strike_R","Strike_R","Strike_R","Strike_R","Defend_R","Defend_R","Defend_R","Defend_R","Bash","Carnage","Battle Trance","Disarm","Cleave","Shrug It Off"],"relics":["Burning Blood","NeowsBlessing","MawBank","Tiny Chest","Pantograph","Ancient Tea Set"],"potions_floor_usage":[6,6,8],"damage_taken":[{"damage":0,"enemies":"Jaw Worm","floor":1,"turns":1},{"damage":0,"enemies":"Cultist","floor":2,"turns":1},{"damage":0,"enemies":"2 Louse","floor":5,"turns":1},{"damage":7,"enemies":"Gremlin Nob","floor":6,"turns":3},{"damage":18,"enemies":"Large Slime","floor":7,"turns":5},{"damage":25,"enemies":"3 Sentries","floor":8,"turns":6},{"damage":9,"enemies":"Exordium Thugs","floor":10,"turns":2}],"seed_played":"-3153496586450606572","potions_obtained":[{"floor":1,"key":"SkillPotion"},{"floor":4,"key":"BlessingOfTheForge"},{"floor":6,"key":"EssenceOfSteel"},{"floor":7,"key":"Strength Potion"}],"is_trial":false,"path_per_floor":["M","M","?","?","M","E","M","E","T","M"],"character_chosen":"IRONCLAD","items_purchased":[],"campfire_rested":0,"item_purchase_floors":[],"current_hp_per_floor":[74,75,40,40,46,45,33,14,14,5],"gold":284,"neow_bonus":"THREE_ENEMY_KILL","is_prod":false,"is_daily":false,"chose_seed":false,"campfire_upgraded":0,"win_rate":0,"timestamp":1632525586,"path_taken":["M","M","?","?","?","E","M","E","T","M"],"build_version":"2020-12-22","purchased_purges":0,"victory":false,"max_hp_per_floor":[75,75,75,75,75,75,75,75,75,75],"card_choices":[{"not_picked":["Body Slam","Iron Wave"],"picked":"Carnage","floor":1},{"not_picked":["Burning Pact","Havoc"],"picked":"Battle Trance","floor":2},{"not_picked":["Heavy Blade","Body Slam"],"picked":"Disarm","floor":5},{"not_picked":["Flex","Berserk"],"picked":"Cleave","floor":6},{"not_picked":["Sword Boomerang","Headbutt","Sentinel"],"picked":"SKIP","floor":7},{"not_picked":["Armaments","Perfected Strike"],"picked":"Shrug It Off","floor":8}],"player_experience":1695502,"relics_obtained":[{"floor":6,"key":"Tiny Chest"},{"floor":8,"key":"Pantograph"},{"floor":9,"key":"Ancient Tea Set"}],"event_choices":[{"damage_healed":0,"gold_gain":0,"player_choice":"Success","damage_taken":35,"relics_obtained":["MawBank"],"max_hp_gain":0,"max_hp_loss":0,"event_name":"Scrap Ooze","floor":3,"gold_loss":0},{"damage_healed":0,"gold_gain":0,"player_choice":"Got Potions","damage_taken":0,"max_hp_gain":0,"max_hp_loss":0,"event_name":"Lab","floor":4,"gold_loss":0}],"is_beta":false,"boss_relics":[],"items_purged_floors":[],"is_endless":false,"potions_floor_spawned":[1,6,7],"killed_by":"Exordium Thugs","ascension_level":20}