{"gold_per_floor":[110,110,110,110,124,152,152,165,165,181,206,216,266,291,291,366,366,381,401,14,31,49,79,94,119,144,169,2,18,18,34,34,108,108,128,140,152,166,217,242,261,280,280,280,66,78,106,122,122,122,122,122,122,8,37,37],"floor_reached":57,"playtime":3706,"items_purged":["Strike_R","Pain"],"score":2950,"play_id":"acffbf3b-5ad5-4182-827a-0ffcd3766db2","local_time":"20210921190408","is_ascension_mode":true,"campfire_choices":[{"data":"Whirlwind","floor":7.0,"key":"SMITH"},{"data":"Demon Form","floor":15.0,"key":"SMITH"},{"floor":32.0,"key":"REST"},{"floor":49.0,"key":"RECALL"},{"data":"Strike_R+1","floor":53.0,"key":"PURGE"}],"neow_cost":"NONE","seed_source_timestamp":3961445706846500,"circlet_count":0,"master_deck":["AscendersBane","Strike_R+1","Defend_R","Defend_R","Defend_R","Defend_R","Bash","Inflame","Twin Strike","Whirlwind+1","Limit Break","Inflame","Demon Form+1","Offering","Pommel Strike","Impervious","Power Through","Shrug It Off","Disarm","Power Through","Corruption","Flame Barrier+1","Reaper+1","Sword Boomerang+1","Dark Embrace","Warcry+1","Flame Barrier","Armaments+1","Secret Weapon","Thinking Ahead","Reaper","Feel No Pain"],"special_seed":0,"relics":["Burning Blood","Gremlin Horn","Lantern","Pen Nib","Happy Flower","Potion Belt","Empty Cage","Toy Ornithopter","Sling","Anchor","Tiny Chest","Centennial Puzzle","Peace Pipe","Nloth\u0027s Gift","Cursed Key","Smiling Mask","Pear","Whetstone"],"potions_floor_usage":[55,56,56],"damage_taken":[{"damage":0.0,"enemies":"Cultist","floor":1.0,"turns":1.0},{"damage":0.0,"enemies":"2 Louse","floor":5.0,"turns":1.0},{"damage":0.0,"enemies":"3 Sentries","floor":6.0,"turns":1.0},{"damage":4.0,"enemies":"Jaw Worm","floor":8.0,"turns":4.0},{"damage":2.0,"enemies":"Lots of Slimes","floor":10.0,"turns":2.0},{"damage":30.0,"enemies":"Lagavulin","floor":11.0,"turns":6.0},{"damage":5.0,"enemies":"Gremlin Gang","floor":12.0,"turns":2.0},{"damage":0.0,"enemies":"3 Sentries","floor":14.0,"turns":2.0},{"damage":38.0,"enemies":"Hexaghost","floor":16.0,"turns":5.0},{"damage":40.0,"enemies":"Shell Parasite","floor":18.0,"turns":4.0},{"damage":17.0,"enemies":"Spheric Guardian","floor":19.0,"turns":3.0},{"damage":15.0,"enemies":"Chosen and Byrds","floor":21.0,"turns":5.0},{"damage":6.0,"enemies":"Snecko","floor":22.0,"turns":2.0},{"damage":6.0,"enemies":"Gremlin Leader","floor":23.0,"turns":3.0},{"damage":12.0,"enemies":"Sentry and Sphere","floor":24.0,"turns":3.0},{"damage":20.0,"enemies":"Slavers","floor":25.0,"turns":3.0},{"damage":6.0,"enemies":"Gremlin Leader","floor":27.0,"turns":5.0},{"damage":15.0,"enemies":"Snake Plant","floor":29.0,"turns":5.0},{"damage":12.0,"enemies":"Centurion and Healer","floor":31.0,"turns":5.0},{"damage":10.0,"enemies":"Champ","floor":33.0,"turns":9.0},{"damage":28.0,"enemies":"Orb Walker","floor":35.0,"turns":6.0},{"damage":7.0,"enemies":"3 Darklings","floor":36.0,"turns":2.0},{"damage":37.0,"enemies":"Writhing Mass","floor":37.0,"turns":8.0},{"damage":23.0,"enemies":"Sphere and 2 Shapes","floor":38.0,"turns":4.0},{"damage":40.0,"enemies":"Nemesis","floor":40.0,"turns":7.0},{"damage":15.0,"enemies":"Maw","floor":41.0,"turns":8.0},{"damage":71.0,"enemies":"4 Shapes","floor":42.0,"turns":8.0},{"damage":26.0,"enemies":"Jaw Worm Horde","floor":46.0,"turns":3.0},{"damage":6.0,"enemies":"Reptomancer","floor":47.0,"turns":4.0},{"damage":20.0,"enemies":"Spire Growth","floor":48.0,"turns":5.0},{"damage":85.0,"enemies":"Time Eater","floor":50.0,"turns":12.0},{"damage":78.0,"enemies":"Awakened One","floor":51.0,"turns":7.0},{"damage":83,"enemies":"Shield and Spear","floor":55,"turns":8},{"damage":112,"enemies":"The Heart","floor":56,"turns":7}],"seed_played":"-7994879883578777012","potions_obtained":[{"floor":1.0,"key":"Explosive Potion"},{"floor":5.0,"key":"BloodPotion"},{"floor":6.0,"key":"Regen Potion"},{"floor":14.0,"key":"BloodPotion"},{"floor":16.0,"key":"HeartOfIron"},{"floor":21.0,"key":"LiquidMemories"},{"floor":22.0,"key":"DuplicationPotion"},{"floor":25.0,"key":"Weak Potion"},{"floor":31.0,"key":"BlessingOfTheForge"},{"floor":33.0,"key":"Dexterity Potion"},{"floor":36.0,"key":"PowerPotion"},{"floor":41.0,"key":"BlessingOfTheForge"},{"floor":42.0,"key":"BlessingOfTheForge"},{"floor":48.0,"key":"Swift Potion"},{"floor":55,"key":"Fire Potion"}],"is_trial":false,"path_per_floor":["M","?","?","?","M","E","R","M","T","M","E","M","?","E","R","B",null,"M","M","$","M","M","E","M","E","T","E","$","M","?","M","R","B",null,"M","M","M","M","T","E","M","M","T","?","$","M","E","M","R","B","B",null,"R","$","E","B",null],"character_chosen":"IRONCLAD","items_purchased":["Toy Ornithopter","Sling","FearPotion","Power Through","PowerPotion","Reaper","Feel No Pain","HeartOfIron"],"campfire_rested":1,"item_purchase_floors":[20,20,20,28,28,45,45,54],"current_hp_per_floor":[74,48,25,25,31,52,52,66,66,70,46,47,47,53,53,21,62,28,17,17,28,28,33,32,23,23,23,23,14,14,8,30,36,65,43,66,67,62,62,33,69,75,75,65,65,75,85,75,75,76,72,82,82,82,66,18],"gold":37,"neow_bonus":"THREE_ENEMY_KILL","is_prod":false,"is_daily":false,"chose_seed":false,"campfire_upgraded":2,"win_rate":0,"timestamp":1632269048,"path_taken":["M","?","?","?","M","E","R","M","T","M","E","M","?","E","R","BOSS","M","?","$","M","M","E","M","E","T","E","$","M","?","?","R","BOSS","M","M","?","M","?","E","M","M","T","?","$","M","E","M","R","BOSS","BOSS","R","$","E","BOSS"],"build_version":"2020-12-22","purchased_purges":2,"victory":true,"max_hp_per_floor":[75,75,75,75,75,75,75,75,75,75,75,75,75,75,75,75,75,75,75,75,75,75,75,75,75,75,75,75,75,75,75,75,75,75,75,75,75,75,75,75,75,75,75,75,75,75,85,85,85,85,85,85,85,85,85,85],"card_choices":[{"not_picked":["Twin Strike","Shrug It Off"],"picked":"Inflame","floor":1.0},{"not_picked":["Dual Wield","Perfected Strike"],"picked":"Twin Strike","floor":5.0},{"not_picked":["Dual Wield","Warcry"],"picked":"Whirlwind","floor":6.0},{"not_picked":["Warcry","Clothesline","Twin Strike"],"picked":"SKIP","floor":8.0},{"not_picked":["True Grit","Inflame"],"picked":"Limit Break","floor":10.0},{"not_picked":["Cleave","Iron Wave","Dropkick"],"picked":"SKIP","floor":11.0},{"not_picked":["Dual Wield","Searing Blow"],"picked":"Inflame","floor":12.0},{"not_picked":["Shockwave","True Grit"],"picked":"Demon Form","floor":14.0},{"not_picked":["Immolate","Barricade"],"picked":"Offering","floor":16.0},{"not_picked":["Sever Soul","True Grit","Twin Strike"],"picked":"SKIP","floor":18.0},{"not_picked":["Thunderclap","Perfected Strike"],"picked":"Pommel Strike","floor":19.0},{"not_picked":["Havoc","Pummel"],"picked":"Impervious","floor":21.0},{"not_picked":["Headbutt","Blood for Blood","Warcry"],"picked":"SKIP","floor":22.0},{"not_picked":["Flex","Twin Strike"],"picked":"Power Through","floor":23.0},{"not_picked":["Anger","Body Slam+1"],"picked":"Shrug It Off","floor":24.0},{"not_picked":["Warcry","Dropkick"],"picked":"Disarm","floor":25.0},{"not_picked":["Rupture+1","Combust","Anger"],"picked":"SKIP","floor":27.0},{"not_picked":["Seeing Red+1","Wild Strike"],"picked":"Corruption","floor":29.0},{"not_picked":["Warcry","Ghostly Armor+1"],"picked":"Flame Barrier+1","floor":31.0},{"not_picked":["Exhume","Juggernaut"],"picked":"Reaper","floor":33.0},{"not_picked":["Clash","Perfected Strike"],"picked":"Sword Boomerang","floor":35.0},{"not_picked":["Anger","True Grit"],"picked":"Dark Embrace","floor":36.0},{"not_picked":["Rage","Blood for Blood"],"picked":"Warcry+1","floor":37.0},{"not_picked":["Thunderclap+1","Pummel+1"],"picked":"Flame Barrier","floor":38.0},{"not_picked":["Anger","Combust","Thunderclap"],"picked":"SKIP","floor":40.0},{"not_picked":["Thunderclap","True Grit","Rage"],"picked":"SKIP","floor":41.0},{"not_picked":["Second Wind","Headbutt"],"picked":"Armaments+1","floor":42.0},{"not_picked":["Jack Of All Trades","Madness"],"picked":"Secret Weapon","floor":44.0},{"not_picked":["Forethought","Impatience"],"picked":"Thinking Ahead","floor":44.0},{"not_picked":["Perfected Strike","Thunderclap","Havoc"],"picked":"SKIP","floor":46.0},{"not_picked":["Heavy Blade+1","Warcry","Rampage"],"picked":"SKIP","floor":47.0},{"not_picked":["Wild Strike","Pommel Strike","Thunderclap"],"picked":"SKIP","floor":48.0},{"not_picked":["Feed","Whirlwind","Demon Form"],"picked":"SKIP","floor":55}],"player_experience":1676701,"relics_obtained":[{"floor":6.0,"key":"Lantern"},{"floor":9.0,"key":"Pen Nib"},{"floor":11.0,"key":"Happy Flower"},{"floor":14.0,"key":"Potion Belt"},{"floor":23.0,"key":"Anchor"},{"floor":25.0,"key":"Tiny Chest"},{"floor":26.0,"key":"Centennial Puzzle"},{"floor":27.0,"key":"Peace Pipe"},{"floor":40.0,"key":"Smiling Mask"},{"floor":47.0,"key":"Pear"},{"floor":55,"key":"Whetstone"}],"event_choices":[{"damage_healed":0.0,"max_hp_gain":0.0,"max_hp_loss":0.0,"gold_gain":0.0,"event_name":"Scrap Ooze","player_choice":"Success","floor":2.0,"gold_loss":0.0,"damage_taken":26.0,"relics_obtained":["Gremlin Horn"]},{"damage_healed":0.0,"max_hp_gain":0.0,"max_hp_loss":0.0,"gold_gain":0.0,"event_name":"Shining Light","player_choice":"Entered Light","floor":3.0,"gold_loss":0.0,"damage_taken":23.0,"cards_upgraded":["Strike_R","Strike_R"]},{"damage_healed":0.0,"max_hp_gain":0.0,"max_hp_loss":0.0,"gold_gain":0.0,"event_name":"Liars Game","player_choice":"Ignored","floor":4.0,"gold_loss":0.0,"damage_taken":0.0},{"damage_healed":0.0,"max_hp_gain":0.0,"max_hp_loss":0.0,"gold_gain":50.0,"event_name":"Golden Shrine","player_choice":"Pray","floor":13.0,"gold_loss":0.0,"damage_taken":0.0},{"damage_healed":0.0,"max_hp_gain":0.0,"max_hp_loss":0.0,"gold_gain":0.0,"event_name":"N\u0027loth","player_choice":"Traded Relic","floor":30.0,"relics_lost":["NeowsBlessing"],"gold_loss":0.0,"damage_taken":0.0,"relics_obtained":["Nloth\u0027s Gift"]},{"damage_healed":0.0,"max_hp_gain":0.0,"max_hp_loss":0.0,"gold_gain":0.0,"event_name":"SensoryStone","player_choice":"Memory 3","floor":44.0,"gold_loss":0.0,"damage_taken":10.0}],"is_beta":false,"boss_relics":[{"not_picked":["Runic Cube","Runic Dome"],"picked":"Empty Cage"},{"not_picked":["Black Blood","Black Star"],"picked":"Cursed Key"}],"items_purged_floors":[28,45],"is_endless":false,"potions_floor_spawned":[1,5,6,14,16,21,22,25,31,33,36,41,42,48,55],"ascension_level":20}