{"gold_per_floor":[15,15,29,104,117,153,40,76,150,150,188,208,228,242,242,335,335,348,389,56,56,74,74,117,117,117,158,187,214,243,291,291,384,411,434,466,466,491,514,559,583,621,670,670,81,81,81,103,103,103,103,103,103,34,78,78],"floor_reached":57,"playtime":3730,"items_purged":["Strike_R+1","Carnage+1"],"score":3338,"play_id":"f22f640d-88ca-4c04-b8b7-d2a782154c14","local_time":"20210920170052","is_ascension_mode":true,"campfire_choices":[{"floor":10,"key":"REST"},{"data":"Immolate","floor":15,"key":"SMITH"},{"data":"Corruption","floor":23,"key":"SMITH"},{"data":"Pommel Strike","floor":32,"key":"SMITH"},{"floor":44,"key":"RECALL"},{"data":"Body Slam","floor":47,"key":"SMITH"},{"data":"Impervious","floor":49,"key":"SMITH"},{"floor":53,"key":"REST"}],"neow_cost":"NO_GOLD","seed_source_timestamp":3868325699646400,"circlet_count":0,"master_deck":["AscendersBane","Strike_R+1","Defend_R+1","Defend_R+1","Defend_R+1","Defend_R+1","Immolate+1","Rampage+1","Metallicize+1","Pommel Strike+1","True Grit+1","Shrug It Off+1","Ghostly Armor+1","Power Through+1","True Grit+1","Seeing Red+1","Corruption+1","Havoc+1","Entrench+1","Impervious+1","Warcry+1","Pommel Strike+1","Flex+1","Evolve+1","Shrug It Off+1","Dark Embrace+1","Rupture+1","Offering+1","Carnage+1","Shrug It Off+1","Impervious+1","Entrench+1","True Grit+1","Warcry+1","Inflame+1","Body Slam+1","True Grit+1","Havoc+1","Shrug It Off+1"],"relics":["Burning Blood","Golden Idol","Dead Branch","Happy Flower","StrikeDummy","Mummified Hand","Sozu","Red Mask","OrangePellets","InkBottle","Bottled Tornado","CeramicFish","Boot","Astrolabe","Mark of the Bloom","Frozen Egg 2","Pear","Membership Card","Toxic Egg 2","Turnip","Bottled Flame"],"potions_floor_usage":[8,16,24],"damage_taken":[{"damage":5,"enemies":"Small Slimes","floor":1,"turns":2},{"damage":0,"enemies":"2 Louse","floor":3,"turns":2},{"damage":1,"enemies":"Cultist","floor":5,"turns":3},{"damage":17,"enemies":"3 Sentries","floor":6,"turns":5},{"damage":37,"enemies":"Lagavulin","floor":8,"turns":7},{"damage":8,"enemies":"Gremlin Nob","floor":11,"turns":3},{"damage":8,"enemies":"Gremlin Gang","floor":12,"turns":3},{"damage":0,"enemies":"Blue Slaver","floor":13,"turns":4},{"damage":0,"enemies":"Exordium Wildlife","floor":14,"turns":2},{"damage":18,"enemies":"The Guardian","floor":16,"turns":13},{"damage":0,"enemies":"3 Byrds","floor":18,"turns":4},{"damage":0,"enemies":"Masked Bandits","floor":19,"turns":2},{"damage":0,"enemies":"2 Thieves","floor":22,"turns":3},{"damage":23,"enemies":"Book of Stabbing","floor":24,"turns":6},{"damage":0,"enemies":"Slavers","floor":27,"turns":2},{"damage":0,"enemies":"Snake Plant","floor":28,"turns":2},{"damage":0,"enemies":"Cultist and Chosen","floor":29,"turns":2},{"damage":0,"enemies":"Centurion and Healer","floor":30,"turns":1},{"damage":3,"enemies":"Gremlin Leader","floor":31,"turns":2},{"damage":2,"enemies":"Collector","floor":33,"turns":3},{"damage":2,"enemies":"Orb Walker","floor":35,"turns":2},{"damage":9,"enemies":"3 Shapes","floor":36,"turns":1},{"damage":0,"enemies":"Writhing Mass","floor":38,"turns":3},{"damage":6,"enemies":"Sphere and 2 Shapes","floor":39,"turns":3},{"damage":0,"enemies":"Giant Head","floor":40,"turns":1},{"damage":0,"enemies":"Jaw Worm Horde","floor":41,"turns":3},{"damage":0,"enemies":"Reptomancer","floor":42,"turns":2},{"damage":0,"enemies":"Spire Growth","floor":48,"turns":1},{"damage":21,"enemies":"Time Eater","floor":50,"turns":7},{"damage":0,"enemies":"Donu and Deca","floor":51,"turns":4},{"damage":0,"enemies":"Shield and Spear","floor":55,"turns":2},{"damage":22,"enemies":"The Heart","floor":56,"turns":5}],"seed_played":"627800835386384654","potions_obtained":[{"floor":1,"key":"GamblersBrew"},{"floor":12,"key":"Block Potion"},{"floor":13,"key":"GamblersBrew"},{"floor":14,"key":"FearPotion"}],"is_trial":false,"path_per_floor":["M","?","M","?","M","E","$","E","T","R","E","M","M","M","R","B",null,"M","?","$","?","M","R","E","?","T","E","M","M","M","E","R","B",null,"M","M","?","M","M","E","M","E","T","R","$","?","R","M","R","B","B",null,"R","$","E","B",null],"character_chosen":"IRONCLAD","items_purchased":["True Grit","Shrug It Off","Impervious","OrangePellets","Membership Card","Toxic Egg 2","Turnip","True Grit+1","Warcry+1","Inflame+1","Body Slam","Havoc+1"],"campfire_rested":2,"item_purchase_floors":[7,7,20,20,45,45,45,45,45,45,45,54],"current_hp_per_floor":[69,68,68,57,62,51,51,20,20,40,38,36,42,48,48,36,60,66,68,68,68,68,68,51,51,51,57,63,68,68,68,68,68,68,68,65,65,65,59,59,59,59,59,59,59,59,59,59,59,38,38,38,38,38,38,16],"gold":78,"neow_bonus":"THREE_RARE_CARDS","is_prod":false,"is_daily":false,"chose_seed":false,"campfire_upgraded":5,"win_rate":0,"timestamp":1632175252,"path_taken":["M","?","M","?","M","E","$","E","T","R","E","M","M","M","R","BOSS","M","?","$","?","M","R","E","?","T","E","M","?","?","E","R","BOSS","M","M","?","M","M","E","M","E","T","R","$","?","R","M","R","BOSS","BOSS","R","$","E","BOSS"],"build_version":"2020-12-22","purchased_purges":2,"victory":true,"max_hp_per_floor":[75,68,68,68,68,68,68,68,68,68,68,68,68,68,68,68,68,68,68,68,68,68,68,68,68,68,68,68,68,68,68,68,68,68,68,68,68,68,68,68,68,78,78,78,78,78,78,78,78,78,78,78,78,78,78,78],"card_choices":[{"not_picked":["Bludgeon","Fiend Fire"],"picked":"Immolate","floor":0},{"not_picked":["Flex","Sword Boomerang"],"picked":"Rampage","floor":1},{"not_picked":["True Grit","Heavy Blade"],"picked":"Metallicize","floor":3},{"not_picked":["Pommel Strike","Havoc"],"picked":"Carnage","floor":5},{"not_picked":["Clothesline","Searing Blow"],"picked":"Pommel Strike","floor":6},{"not_picked":["Immolate","Battle Trance"],"picked":"Ghostly Armor","floor":8},{"not_picked":["Entrench","Headbutt"],"picked":"Power Through","floor":11},{"not_picked":["Dark Embrace","Inflame","Hemokinesis"],"picked":"SKIP","floor":12},{"not_picked":["Ghostly Armor","Clothesline"],"picked":"True Grit","floor":13},{"not_picked":["Havoc","Heavy Blade"],"picked":"Seeing Red","floor":14},{"not_picked":["Feed","Juggernaut"],"picked":"Corruption","floor":16},{"not_picked":["Iron Wave","Armaments"],"picked":"Havoc+1","floor":18},{"not_picked":["Cleave","Spot Weakness"],"picked":"Entrench+1","floor":19},{"not_picked":["Thunderclap+1","Pommel Strike"],"picked":"Warcry+1","floor":22},{"not_picked":["Entrench+1","Dual Wield"],"picked":"Pommel Strike","floor":24},{"not_picked":["Thunderclap+1","Immolate","Iron Wave"],"picked":"SKIP","floor":27},{"not_picked":["Uppercut","Perfected Strike"],"picked":"Flex","floor":28},{"not_picked":["Blood for Blood","True Grit"],"picked":"Evolve","floor":29},{"not_picked":["Iron Wave","Heavy Blade"],"picked":"Shrug It Off","floor":30},{"not_picked":["Rupture","Pommel Strike+1"],"picked":"Dark Embrace","floor":31},{"not_picked":["Wild Strike","Pommel Strike+1","Spot Weakness"],"picked":"SKIP","floor":35},{"not_picked":["Headbutt","Havoc"],"picked":"Shrug It Off+1","floor":36},{"not_picked":["Heavy Blade","Rage"],"picked":"Impervious","floor":38},{"not_picked":["Anger","Headbutt","Uppercut+1"],"picked":"SKIP","floor":39},{"not_picked":["Whirlwind+1","Rupture+1"],"picked":"Entrench+1","floor":40},{"not_picked":["Perfected Strike","Havoc","Dropkick+1"],"picked":"SKIP","floor":41},{"not_picked":["Armaments","Anger","Cleave"],"picked":"SKIP","floor":42},{"not_picked":["Searing Blow","Sword Boomerang+1"],"picked":"True Grit+1","floor":48},{"not_picked":["Flex+1","Warcry+1"],"picked":"Shrug It Off+1","floor":55}],"player_experience":1666026,"relics_obtained":[{"floor":6,"key":"Dead Branch"},{"floor":8,"key":"Happy Flower"},{"floor":9,"key":"StrikeDummy"},{"floor":11,"key":"Mummified Hand"},{"floor":19,"key":"Red Mask"},{"floor":24,"key":"InkBottle"},{"floor":26,"key":"Bottled Tornado"},{"floor":27,"key":"CeramicFish"},{"floor":31,"key":"Boot"},{"floor":40,"key":"Frozen Egg 2"},{"floor":42,"key":"Pear"},{"floor":55,"key":"Bottled Flame"}],"event_choices":[{"damage_healed":0,"gold_gain":0,"player_choice":"Lose Max HP","damage_taken":0,"relics_obtained":["Golden Idol"],"max_hp_gain":0,"max_hp_loss":7,"event_name":"Golden Idol","floor":2,"gold_loss":0},{"damage_healed":0,"gold_gain":75,"player_choice":"Gather Gold","damage_taken":11,"max_hp_gain":0,"max_hp_loss":0,"event_name":"World of Goop","floor":4,"gold_loss":0},{"damage_healed":0,"gold_gain":0,"player_choice":"Fought Bandits","damage_taken":0,"max_hp_gain":0,"max_hp_loss":0,"event_name":"Masked Bandits","floor":19,"gold_loss":0},{"damage_healed":0,"gold_gain":0,"player_choice":"Ignored","damage_taken":0,"max_hp_gain":0,"max_hp_loss":0,"event_name":"Vampires","floor":21,"gold_loss":0},{"damage_healed":0,"gold_gain":0,"player_choice":"Forge","damage_taken":0,"max_hp_gain":0,"max_hp_loss":0,"event_name":"Accursed Blacksmith","floor":25,"gold_loss":0,"cards_upgraded":["Pommel Strike"]},{"damage_healed":0,"gold_gain":0,"player_choice":"Upgrade","damage_taken":0,"relics_obtained":["Mark of the Bloom"],"max_hp_gain":0,"max_hp_loss":0,"event_name":"MindBloom","floor":37,"gold_loss":0,"cards_upgraded":["Strike_R","Strike_R","Defend_R","Defend_R","Defend_R","Defend_R","Bash","Rampage","Metallicize","Carnage","True Grit","Shrug It Off","Ghostly Armor","Power Through","True Grit","Seeing Red","Impervious","Flex","Evolve","Shrug It Off","Dark Embrace"]},{"cards_removed":["Bash"],"damage_healed":0,"gold_gain":0,"player_choice":"Offered Basic","damage_taken":0,"max_hp_gain":0,"max_hp_loss":0,"event_name":"Bonfire Elementals","floor":46,"gold_loss":0}],"is_beta":false,"boss_relics":[{"not_picked":["Black Star","Runic Pyramid"],"picked":"Sozu"},{"not_picked":["Calling Bell","Cursed Key"],"picked":"Astrolabe"}],"items_purged_floors":[45,54],"is_endless":false,"potions_floor_spawned":[1,12,13,14,18,24,30,33,38,39,41,48],"ascension_level":20}