{"gold_per_floor":[111,32,32,32,48,75,75,92,116,116,116,142,162,87,87,87],"floor_reached":16,"playtime":579,"items_purged":["Strike_R"],"score":266,"play_id":"17bb7c0f-4f76-43dc-9aaf-b3c5a32a8197","local_time":"20210925035211","is_ascension_mode":true,"campfire_choices":[{"data":"Bash","floor":7.0,"key":"SMITH"},{"data":"Combust","floor":10.0,"key":"SMITH"},{"data":"Regret","floor":15,"key":"PURGE"}],"neow_cost":"NONE","seed_source_timestamp":4256157699874500,"circlet_count":0,"master_deck":["AscendersBane","Strike_R","Strike_R","Strike_R","Defend_R","Defend_R","Defend_R","Defend_R","Bash+1","Flame Barrier","Combust+1","Offering","Clothesline","Feel No Pain","Dropkick"],"special_seed":0,"relics":["Burning Blood","NeowsBlessing","Peace Pipe","Pear","Happy Flower","Lantern","Anchor"],"potions_floor_usage":[12,16,16],"damage_taken":[{"damage":0.0,"enemies":"Cultist","floor":1.0,"turns":1.0},{"damage":0.0,"enemies":"Jaw Worm","floor":5.0,"turns":1.0},{"damage":0.0,"enemies":"3 Sentries","floor":6.0,"turns":2.0},{"damage":4.0,"enemies":"Small Slimes","floor":8.0,"turns":3.0},{"damage":34,"enemies":"Lagavulin","floor":12,"turns":7},{"damage":8,"enemies":"Blue Slaver","floor":13,"turns":3},{"damage":63,"enemies":"Hexaghost","floor":16,"turns":11}],"seed_played":"-8564405625948851711","potions_obtained":[{"floor":1.0,"key":"LiquidBronze"},{"floor":8.0,"key":"Weak Potion"},{"floor":12,"key":"ColorlessPotion"},{"floor":13,"key":"BloodPotion"}],"is_trial":false,"path_per_floor":["M","$","T","?","M","E","R","M","T","R","?","E","M","$","R","B"],"character_chosen":"IRONCLAD","items_purchased":["Combust"],"campfire_rested":0,"item_purchase_floors":[2],"current_hp_per_floor":[74,74,74,74,75,85,85,85,85,85,85,57,55,55,55,9],"gold":87,"neow_bonus":"THREE_ENEMY_KILL","is_prod":false,"is_daily":false,"chose_seed":false,"campfire_upgraded":2,"win_rate":0,"timestamp":1632559931,"path_taken":["M","?","?","?","M","E","R","?","T","R","?","E","M","?","R","BOSS"],"build_version":"2020-12-22","purchased_purges":1,"victory":false,"max_hp_per_floor":[75,75,75,75,75,85,85,85,85,85,85,85,85,85,85,85],"card_choices":[{"not_picked":["Warcry","Perfected Strike"],"picked":"Flame Barrier","floor":1.0},{"not_picked":["Twin Strike","Flex","Body Slam"],"picked":"SKIP","floor":5.0},{"not_picked":["Juggernaut","Headbutt"],"picked":"Clothesline","floor":6.0},{"not_picked":["Bloodletting","Body Slam"],"picked":"Feel No Pain","floor":8.0},{"not_picked":["Iron Wave","Warcry","Body Slam"],"picked":"SKIP","floor":12},{"not_picked":["Clothesline","Dual Wield"],"picked":"Dropkick","floor":13}],"player_experience":1694199,"relics_obtained":[{"floor":3.0,"key":"Peace Pipe"},{"floor":6.0,"key":"Pear"},{"floor":9.0,"key":"Happy Flower"},{"floor":12,"key":"Anchor"}],"event_choices":[{"damage_healed":0.0,"max_hp_gain":0.0,"max_hp_loss":0.0,"gold_gain":0.0,"cards_transformed":["Strike_R"],"event_name":"Transmorgrifier","player_choice":"Transformed","floor":4.0,"gold_loss":0.0,"damage_taken":0.0,"cards_obtained":["Offering"]},{"damage_healed":0,"gold_gain":0,"player_choice":"Box","damage_taken":0,"relics_obtained":["Lantern"],"max_hp_gain":0,"max_hp_loss":0,"event_name":"Big Fish","floor":11,"gold_loss":0,"cards_obtained":["Regret"]}],"is_beta":false,"boss_relics":[],"items_purged_floors":[14],"is_endless":false,"potions_floor_spawned":[1,8,12,13],"killed_by":"Hexaghost","ascension_level":20}