{"gold_per_floor":[13,13,29,39,49,78,78,106,180,211,230,255,255,275,275,362,362,381,561,181,194,205,205,217,256,333,358,358,358,374,374],"floor_reached":31,"playtime":1445,"items_purged":["Strike_R"],"score":648,"play_id":"550323cb-5049-4cfe-986e-1ac04fd49d9e","local_time":"20210925231429","is_ascension_mode":true,"campfire_choices":[{"data":"Immolate","floor":7.0,"key":"SMITH"},{"data":"Immolate","floor":13.0,"key":"SMITH"},{"data":"Shockwave","floor":15.0,"key":"SMITH"},{"data":"Disarm","floor":23.0,"key":"SMITH"},{"floor":28.0,"key":"REST"}],"neow_cost":"NO_GOLD","seed_source_timestamp":0,"circlet_count":0,"master_deck":["AscendersBane","Strike_R","Strike_R","Strike_R","Defend_R","Defend_R","Defend_R","Defend_R","Bash","Immolate+1","Anger","Immolate+1","Intimidate","Shockwave+1","Pommel Strike","Reckless Charge","Spot Weakness","Feed","Feel No Pain","Disarm+1","Fire Breathing","Corruption"],"special_seed":0,"relics":["Burning Blood","CeramicFish","FossilizedHelix","Darkstone Periapt","MealTicket","Mark of Pain","ClockworkSouvenir","Bottled Tornado","Frozen Egg 2","Boot"],"potions_floor_usage":[31],"damage_taken":[{"damage":0.0,"enemies":"2 Louse","floor":1.0,"turns":2.0},{"damage":0.0,"enemies":"Cultist","floor":3.0,"turns":2.0},{"damage":0.0,"enemies":"Small Slimes","floor":4.0,"turns":1.0},{"damage":12.0,"enemies":"Blue Slaver","floor":5.0,"turns":5.0},{"damage":20.0,"enemies":"3 Sentries","floor":6.0,"turns":4.0},{"damage":25.0,"enemies":"Lagavulin","floor":8.0,"turns":5.0},{"damage":0.0,"enemies":"Gremlin Nob","floor":10.0,"turns":3.0},{"damage":0.0,"enemies":"Exordium Wildlife","floor":11.0,"turns":2.0},{"damage":7.0,"enemies":"Gremlin Gang","floor":12.0,"turns":3.0},{"damage":1.0,"enemies":"Blue Slaver","floor":14.0,"turns":3.0},{"damage":35.0,"enemies":"Slime Boss","floor":16.0,"turns":11.0},{"damage":17.0,"enemies":"3 Byrds","floor":18.0,"turns":5.0},{"damage":8.0,"enemies":"Shell Parasite","floor":21.0,"turns":4.0},{"damage":0.0,"enemies":"Snecko","floor":22.0,"turns":3.0},{"damage":6.0,"enemies":"Centurion and Healer","floor":24.0,"turns":4.0},{"damage":42.0,"enemies":"Gremlin Leader","floor":25.0,"turns":7.0},{"damage":53.0,"enemies":"Book of Stabbing","floor":27.0,"turns":6.0},{"damage":34.0,"enemies":"Snake Plant","floor":30.0,"turns":4.0},{"damage":0,"enemies":"Sentry and Sphere","floor":31,"turns":3}],"seed_played":"8872581337426435834","potions_obtained":[{"floor":3.0,"key":"BloodPotion"},{"floor":4.0,"key":"PowerPotion"},{"floor":5.0,"key":"AttackPotion"},{"floor":12.0,"key":"FairyPotion"},{"floor":14.0,"key":"Energy Potion"},{"floor":22.0,"key":"DuplicationPotion"}],"is_trial":false,"path_per_floor":["M","?","M","M","M","E","R","E","T","E","M","M","R","M","R","B",null,"M","?","$","M","M","R","M","E","T","E","R","?","M","M"],"character_chosen":"IRONCLAD","items_purchased":["Disarm","ClockworkSouvenir","Fire Breathing"],"campfire_rested":1,"item_purchase_floors":[20,20,20],"current_hp_per_floor":[74,74,75,75,75,61,61,42,42,48,54,53,53,58,58,29,64,56,37,52,50,59,59,59,26,26,13,38,38,10,10],"gold":374,"neow_bonus":"THREE_RARE_CARDS","is_prod":false,"is_daily":false,"chose_seed":false,"campfire_upgraded":4,"win_rate":0,"timestamp":1632629669,"path_taken":["M","?","M","M","M","E","R","E","T","E","M","M","R","?","R","BOSS","M","?","$","M","?","R","M","E","T","E","R","?","?","M"],"build_version":"2020-12-22","purchased_purges":1,"victory":false,"max_hp_per_floor":[75,75,75,75,75,75,75,75,75,75,75,75,75,75,75,75,75,78,78,78,78,81,81,81,84,84,84,84,84,84,84],"card_choices":[{"not_picked":["Brutality","Limit Break"],"picked":"Immolate","floor":0.0},{"not_picked":["Armaments","Bloodletting"],"picked":"Anger","floor":1.0},{"not_picked":["Headbutt","Heavy Blade","Body Slam"],"picked":"SKIP","floor":3.0},{"not_picked":["Perfected Strike","Headbutt"],"picked":"Shockwave","floor":4.0},{"not_picked":["Sentinel","Cleave","Twin Strike"],"picked":"SKIP","floor":5.0},{"not_picked":["Searing Blow","Thunderclap","Headbutt"],"picked":"SKIP","floor":6.0},{"not_picked":["Intimidate","True Grit","Spot Weakness"],"picked":"SKIP","floor":8.0},{"not_picked":["Heavy Blade","Rage","Body Slam"],"picked":"SKIP","floor":10.0},{"not_picked":["Warcry","Carnage"],"picked":"Pommel Strike","floor":11.0},{"not_picked":["Sword Boomerang","Headbutt"],"picked":"Reckless Charge","floor":12.0},{"not_picked":["Bludgeon","True Grit"],"picked":"Spot Weakness","floor":14.0},{"not_picked":["Double Tap","Demon Form"],"picked":"Feed","floor":16.0},{"not_picked":["Flex","Headbutt+1"],"picked":"Feel No Pain","floor":18.0},{"not_picked":["Cleave","Sword Boomerang","Warcry"],"picked":"SKIP","floor":21.0},{"not_picked":["Sentinel","Flex+1","Armaments"],"picked":"SKIP","floor":22.0},{"not_picked":["Dropkick","Perfected Strike","Metallicize+1"],"picked":"SKIP","floor":24.0},{"not_picked":["Thunderclap","Iron Wave"],"picked":"Corruption","floor":25.0},{"not_picked":["Entrench+1","Blood for Blood","Armaments"],"picked":"SKIP","floor":27.0},{"not_picked":["Hemokinesis+1","Iron Wave","Anger"],"picked":"SKIP","floor":30.0}],"player_experience":1697507,"relics_obtained":[{"floor":6.0,"key":"CeramicFish"},{"floor":8.0,"key":"FossilizedHelix"},{"floor":9.0,"key":"Darkstone Periapt"},{"floor":10.0,"key":"MealTicket"},{"floor":25.0,"key":"Bottled Tornado"},{"floor":26.0,"key":"Frozen Egg 2"},{"floor":27.0,"key":"Boot"}],"event_choices":[{"damage_healed":0.0,"max_hp_gain":0.0,"max_hp_loss":0.0,"gold_gain":0.0,"event_name":"Match and Keep!","player_choice":"2 cards matched","floor":2.0,"gold_loss":0.0,"damage_taken":0.0,"cards_obtained":["Immolate","Intimidate"]},{"damage_healed":0.0,"max_hp_gain":0.0,"max_hp_loss":0.0,"gold_gain":180.0,"event_name":"Knowing Skull","player_choice":"GOLD GOLD ","floor":19.0,"potions_obtained":[],"gold_loss":0.0,"damage_taken":19.0,"cards_obtained":[]},{"cards_removed":["Strike_R"],"damage_healed":0.0,"max_hp_gain":0.0,"max_hp_loss":0.0,"gold_gain":0.0,"event_name":"Purifier","player_choice":"Purged","floor":29.0,"gold_loss":0.0,"damage_taken":0.0}],"is_beta":false,"boss_relics":[{"not_picked":["Calling Bell","Sozu"],"picked":"Mark of Pain"}],"items_purged_floors":[20],"is_endless":false,"potions_floor_spawned":[3,4,5,12,14,18,22],"killed_by":"Sentry and Sphere","ascension_level":20}