{"gold_per_floor":[209,220,56,70,40,40,40,55,131,456,456,456],"floor_reached":12,"playtime":607,"items_purged":[],"score":160,"play_id":"3e1a1f93-f3e4-4a72-8c50-18751931fa95","local_time":"20210925195819","is_ascension_mode":true,"campfire_choices":[{"data":"Wild Strike","floor":6,"key":"SMITH"}],"neow_cost":"NONE","seed_source_timestamp":4314112618782500,"circlet_count":0,"master_deck":["AscendersBane","Strike_R","Strike_R","Strike_R","Defend_R","Defend_R","Defend_R+1","Defend_R+1","Bash","Wild Strike+1","Feel No Pain","Clothesline","Carnage"],"relics":["Burning Blood","War Paint","Letter Opener","Old Coin"],"potions_floor_usage":[10,12],"damage_taken":[{"damage":14,"enemies":"Jaw Worm","floor":1,"turns":5},{"damage":3,"enemies":"Small Slimes","floor":2,"turns":3},{"damage":1,"enemies":"Cultist","floor":4,"turns":3},{"damage":26,"enemies":"Exordium Thugs","floor":5,"turns":4},{"damage":17,"enemies":"Exordium Wildlife","floor":8,"turns":6},{"damage":14,"enemies":"Gremlin Nob","floor":10,"turns":4},{"damage":20,"enemies":"Lagavulin","floor":12,"turns":8}],"seed_played":"67255857365838741","potions_obtained":[{"floor":5,"key":"Swift Potion"},{"floor":8,"key":"PowerPotion"}],"is_trial":false,"path_per_floor":["M","M","$","M","M","R","?","M","T","E","?","E"],"character_chosen":"IRONCLAD","items_purchased":["War Paint"],"campfire_rested":0,"item_purchase_floors":[3],"current_hp_per_floor":[60,63,63,68,48,48,41,30,30,22,22,2],"gold":456,"neow_bonus":"HUNDRED_GOLD","is_prod":false,"is_daily":false,"chose_seed":false,"campfire_upgraded":1,"win_rate":0,"timestamp":1632617899,"path_taken":["M","M","$","M","M","R","?","M","T","E","?","E"],"build_version":"2020-12-22","purchased_purges":0,"victory":false,"max_hp_per_floor":[75,75,75,75,75,75,75,75,75,75,75,75],"card_choices":[{"not_picked":["Sword Boomerang","Dropkick"],"picked":"Wild Strike","floor":1},{"not_picked":["Heavy Blade","Clash","Second Wind"],"picked":"SKIP","floor":2},{"not_picked":["Headbutt","Burning Pact"],"picked":"Feel No Pain","floor":4},{"not_picked":["Warcry","Body Slam"],"picked":"Clothesline","floor":5},{"not_picked":["Clash","Metallicize","Heavy Blade"],"picked":"SKIP","floor":8},{"not_picked":["Brutality","Heavy Blade"],"picked":"Carnage","floor":10}],"player_experience":1696636,"relics_obtained":[{"floor":9,"key":"Letter Opener"},{"floor":10,"key":"Old Coin"}],"event_choices":[{"cards_removed":["Strike_R"],"damage_healed":0,"gold_gain":0,"player_choice":"Card Removal","damage_taken":7,"max_hp_gain":0,"max_hp_loss":0,"event_name":"Golden Wing","floor":7,"gold_loss":0},{"cards_removed":["Strike_R"],"damage_healed":0,"gold_gain":0,"player_choice":"Offered Basic","damage_taken":0,"max_hp_gain":0,"max_hp_loss":0,"event_name":"Bonfire Elementals","floor":11,"gold_loss":0}],"is_beta":false,"boss_relics":[],"items_purged_floors":[],"is_endless":false,"potions_floor_spawned":[5,8],"killed_by":"Lagavulin","ascension_level":20}