{"gold_per_floor":[118,118,132,146,162,162,191,191,191,191,204,204,204,216,216,216],"floor_reached":16,"playtime":264,"items_purged":[],"score":204,"play_id":"ace5c243-64e6-41b8-8ed1-642c2bf2369f","local_time":"20210925200259","is_ascension_mode":true,"campfire_choices":[{"data":"Bash","floor":6,"key":"SMITH"},{"data":"Cleave","floor":8,"key":"SMITH"},{"data":"Battle Trance","floor":10,"key":"SMITH"},{"floor":13,"key":"REST"},{"floor":15,"key":"RECALL"}],"neow_cost":"NONE","seed_source_timestamp":4314735739971700,"circlet_count":0,"master_deck":["AscendersBane","Strike_R","Strike_R","Strike_R","Strike_R","Strike_R","Defend_R","Defend_R","Defend_R","Defend_R","Bash+1","Cleave+1","Battle Trance+1","Offering","Clothesline"],"relics":["Burning Blood","NeowsBlessing","Ancient Tea Set","Vajra"],"potions_floor_usage":[7],"damage_taken":[{"damage":0,"enemies":"Small Slimes","floor":1,"turns":1},{"damage":0,"enemies":"Cultist","floor":3,"turns":1},{"damage":0,"enemies":"Jaw Worm","floor":4,"turns":1},{"damage":10,"enemies":"3 Louse","floor":5,"turns":3},{"damage":40,"enemies":"Lagavulin","floor":7,"turns":4},{"damage":12,"enemies":"Exordium Wildlife","floor":11,"turns":2},{"damage":7,"enemies":"Looter","floor":14,"turns":2},{"damage":0,"enemies":"Slime Boss","floor":16,"turns":1}],"seed_played":"-818520228029865662","potions_obtained":[{"floor":1,"key":"ColorlessPotion"},{"floor":2,"key":"SpeedPotion"},{"floor":11,"key":"SteroidPotion"}],"is_trial":false,"path_per_floor":["M","?","M","M","M","R","E","R","T","R","M","$","R","M","R","B"],"character_chosen":"IRONCLAD","items_purchased":[],"campfire_rested":1,"item_purchase_floors":[],"current_hp_per_floor":[74,74,75,75,71,71,37,37,37,37,31,31,53,52,52,52],"gold":216,"neow_bonus":"THREE_ENEMY_KILL","is_prod":false,"is_daily":false,"chose_seed":false,"campfire_upgraded":3,"win_rate":0,"timestamp":1632618179,"path_taken":["M","?","?","M","M","R","E","R","T","R","M","$","R","M","R","BOSS"],"build_version":"2020-12-22","purchased_purges":0,"victory":false,"max_hp_per_floor":[75,75,75,75,75,75,75,75,75,75,75,75,75,75,75,75],"card_choices":[{"not_picked":["Sever Soul","Power Through"],"picked":"Cleave","floor":1},{"not_picked":["Body Slam","Fire Breathing","Metallicize"],"picked":"SKIP","floor":3},{"not_picked":["Armaments","Headbutt"],"picked":"Battle Trance","floor":4},{"not_picked":["Armaments","Sword Boomerang","Thunderclap"],"picked":"SKIP","floor":5},{"not_picked":["Twin Strike","Warcry"],"picked":"Offering","floor":7},{"not_picked":["Heavy Blade","Feel No Pain"],"picked":"Clothesline","floor":11},{"not_picked":["Iron Wave","Entrench","True Grit"],"picked":"SKIP","floor":14}],"player_experience":1697243,"relics_obtained":[{"floor":7,"key":"Ancient Tea Set"},{"floor":9,"key":"Vajra"}],"event_choices":[{"damage_healed":0,"gold_gain":0,"player_choice":"Got Potions","damage_taken":0,"max_hp_gain":0,"max_hp_loss":0,"event_name":"Lab","floor":2,"gold_loss":0}],"is_beta":false,"boss_relics":[],"items_purged_floors":[],"is_endless":false,"potions_floor_spawned":[1,3,11,14],"killed_by":"Slime Boss","ascension_level":20}