{"gold_per_floor":[211,361,107,123,142,172,172,197,223,223,223,223,223,254,254,254],"floor_reached":16,"playtime":763,"items_purged":["Doubt"],"score":232,"play_id":"f10200df-99af-4f3e-9e42-b77a361f66f1","local_time":"20210926112505","is_ascension_mode":true,"campfire_choices":[{"data":"Whirlwind","floor":10.0,"key":"SMITH"},{"data":"Bash","floor":12.0,"key":"SMITH"},{"data":"Armaments","floor":15,"key":"SMITH"}],"neow_cost":"NONE","seed_source_timestamp":4369525011119100,"circlet_count":0,"master_deck":["AscendersBane","Strike_R","Strike_R","Strike_R","Strike_R","Strike_R","Defend_R","Defend_R","Defend_R","Defend_R","Bash+1","Hemokinesis","Whirlwind+1","Disarm","Clothesline","Armaments+1","Reaper","Power Through","Flame Barrier"],"special_seed":0,"relics":["Burning Blood","Anchor","Regal Pillow","Lantern","Pocketwatch"],"potions_floor_usage":[16],"damage_taken":[{"damage":1.0,"enemies":"Cultist","floor":1.0,"turns":3.0},{"damage":2.0,"enemies":"2 Louse","floor":4.0,"turns":3.0},{"damage":15.0,"enemies":"Small Slimes","floor":5.0,"turns":3.0},{"damage":23.0,"enemies":"Lagavulin","floor":6.0,"turns":6.0},{"damage":19.0,"enemies":"3 Sentries","floor":8.0,"turns":4.0},{"damage":19,"enemies":"Lagavulin","floor":14,"turns":6},{"damage":25,"enemies":"Slime Boss","floor":16,"turns":7}],"seed_played":"-794593743060186551","potions_obtained":[{"floor":1.0,"key":"Energy Potion"},{"floor":8.0,"key":"Fire Potion"}],"is_trial":false,"path_per_floor":["M","?","$","M","M","E","?","E","T","R","?","R","?","E","R","B"],"character_chosen":"IRONCLAD","items_purchased":["Whirlwind","BlessingOfTheForge","Disarm"],"campfire_rested":0,"item_purchase_floors":[3,3,3],"current_hp_per_floor":[73,73,73,75,66,49,49,48,48,48,53,53,53,40,40,30],"gold":254,"neow_bonus":"HUNDRED_GOLD","is_prod":false,"is_daily":false,"chose_seed":false,"campfire_upgraded":3,"win_rate":0,"timestamp":1632673505,"path_taken":["M","?","$","M","M","E","?","E","T","R","?","R","?","E","R","BOSS"],"build_version":"2020-12-22","purchased_purges":1,"victory":false,"max_hp_per_floor":[75,75,75,75,75,75,75,75,75,75,80,80,80,80,80,80],"card_choices":[{"not_picked":["Clothesline","Warcry"],"picked":"Hemokinesis","floor":1.0},{"not_picked":["Clash","Headbutt"],"picked":"Clothesline","floor":4.0},{"not_picked":["Fire Breathing","Reckless Charge"],"picked":"Armaments","floor":5.0},{"not_picked":["Dual Wield","Uppercut"],"picked":"Reaper","floor":6.0},{"not_picked":["Thunderclap","Flex"],"picked":"Power Through","floor":8.0},{"not_picked":["True Grit","Bludgeon"],"picked":"Flame Barrier","floor":14}],"player_experience":1702476,"relics_obtained":[{"floor":6.0,"key":"Anchor"},{"floor":8.0,"key":"Regal Pillow"},{"floor":9.0,"key":"Lantern"},{"floor":14,"key":"Pocketwatch"}],"event_choices":[{"damage_healed":0.0,"max_hp_gain":0.0,"max_hp_loss":0.0,"gold_gain":150.0,"event_name":"Liars Game","player_choice":"AGREE","floor":2.0,"gold_loss":0.0,"damage_taken":0.0,"cards_obtained":["Doubt"]},{"damage_healed":0.0,"max_hp_gain":0.0,"max_hp_loss":0.0,"gold_gain":0.0,"event_name":"Dead Adventurer","player_choice":"Searched \u00270\u0027 times","floor":7.0,"gold_loss":0.0,"damage_taken":0.0},{"damage_healed":0.0,"max_hp_gain":5.0,"max_hp_loss":0.0,"gold_gain":0.0,"event_name":"Big Fish","player_choice":"Donut","floor":11.0,"gold_loss":0.0,"damage_taken":0.0},{"damage_healed":0,"gold_gain":0,"player_choice":"Fled","damage_taken":0,"max_hp_gain":0,"max_hp_loss":0,"event_name":"Scrap Ooze","floor":13,"gold_loss":0}],"is_beta":false,"boss_relics":[],"items_purged_floors":[3],"is_endless":false,"potions_floor_spawned":[1,4,8],"killed_by":"Slime Boss","ascension_level":20}