{"gold_per_floor":[117,192,206,206,217,252,264,304,316,346,377,420,28,44,44,44],"floor_reached":16,"playtime":881,"items_purged":["Strike_R"],"score":244,"play_id":"359afd8b-ea71-47c2-ab25-39cfa6946575","local_time":"20210922224940","is_ascension_mode":true,"campfire_choices":[{"floor":7,"key":"REST"},{"data":"Combust","floor":15,"key":"SMITH"}],"neow_cost":"NONE","seed_source_timestamp":4064919532232400,"circlet_count":0,"master_deck":["AscendersBane","Strike_R","Strike_R","Strike_R","Strike_R","Defend_R","Defend_R+1","Defend_R+1","Defend_R+1","Bash","Combust+1","Iron Wave+1","Cleave","Shrug It Off","Shrug It Off","Inflame","Inflame"],"relics":["Burning Blood","Happy Flower","MawBank","Gremlin Horn","Potion Belt","Darkstone Periapt","Orichalcum","War Paint"],"potions_floor_usage":[6,12,16,16],"damage_taken":[{"damage":7,"enemies":"Jaw Worm","floor":1,"turns":3},{"damage":5,"enemies":"2 Louse","floor":3,"turns":3},{"damage":1,"enemies":"Cultist","floor":5,"turns":3},{"damage":36,"enemies":"Lagavulin","floor":6,"turns":8},{"damage":27,"enemies":"Gremlin Nob","floor":8,"turns":4},{"damage":1,"enemies":"Exordium Wildlife","floor":10,"turns":3},{"damage":9,"enemies":"2 Fungi Beasts","floor":11,"turns":3},{"damage":7,"enemies":"Lagavulin","floor":12,"turns":8},{"damage":0,"enemies":"Blue Slaver","floor":14,"turns":4},{"damage":11,"enemies":"Hexaghost","floor":16,"turns":11}],"seed_played":"-8967490986286720697","potions_obtained":[{"floor":1,"key":"ElixirPotion"},{"floor":3,"key":"LiquidBronze"},{"floor":8,"key":"Dexterity Potion"},{"floor":10,"key":"Block Potion"}],"is_trial":false,"path_per_floor":["M","?","M","?","M","E","R","E","T","M","M","E","$","M","R","B"],"character_chosen":"IRONCLAD","items_purchased":["Orichalcum","War Paint"],"campfire_rested":1,"item_purchase_floors":[13,13],"current_hp_per_floor":[67,56,57,34,39,9,31,10,10,15,12,11,11,17,17,6],"gold":44,"neow_bonus":"RANDOM_COMMON_RELIC","is_prod":false,"is_daily":false,"chose_seed":false,"campfire_upgraded":1,"win_rate":0,"timestamp":1632368980,"path_taken":["M","?","M","?","M","E","R","E","T","M","?","E","$","M","R","BOSS"],"build_version":"2020-12-22","purchased_purges":1,"victory":false,"max_hp_per_floor":[75,75,75,75,75,75,75,75,75,75,75,75,75,75,75,75],"card_choices":[{"not_picked":["Flex","Cleave"],"picked":"Combust","floor":1},{"not_picked":["Second Wind","Dual Wield"],"picked":"Iron Wave","floor":3},{"not_picked":["Sever Soul","Bloodletting","Havoc"],"picked":"SKIP","floor":5},{"not_picked":["Reckless Charge","Twin Strike"],"picked":"Cleave","floor":6},{"not_picked":["Infernal Blade","Flex"],"picked":"Shrug It Off","floor":8},{"not_picked":["Bloodletting","Body Slam"],"picked":"Shrug It Off","floor":10},{"not_picked":["Perfected Strike","Blood for Blood"],"picked":"Inflame","floor":11},{"not_picked":["True Grit","Limit Break","Clash"],"picked":"SKIP","floor":12},{"not_picked":["Body Slam","Reckless Charge"],"picked":"Inflame","floor":14}],"player_experience":1692118,"relics_obtained":[{"floor":6,"key":"MawBank"},{"floor":8,"key":"Gremlin Horn"},{"floor":9,"key":"Potion Belt"},{"floor":12,"key":"Darkstone Periapt"}],"event_choices":[{"damage_healed":0,"gold_gain":75,"player_choice":"Gather Gold","damage_taken":11,"max_hp_gain":0,"max_hp_loss":0,"event_name":"World of Goop","floor":2,"gold_loss":0},{"damage_healed":0,"gold_gain":0,"player_choice":"Entered Light","damage_taken":23,"max_hp_gain":0,"max_hp_loss":0,"event_name":"Shining Light","floor":4,"gold_loss":0,"cards_upgraded":["Defend_R","Iron Wave"]}],"is_beta":false,"boss_relics":[],"items_purged_floors":[13],"is_endless":false,"potions_floor_spawned":[1,3,8,10],"killed_by":"Hexaghost","ascension_level":20}