{"gold_per_floor":[110,126,126,140,30,64,64,64,64,79,111,111,111,137,137,137],"floor_reached":16,"playtime":585,"items_purged":[],"score":236,"play_id":"7e7376ee-a116-4b49-bf5b-c77b0af9da87","local_time":"20210925232452","is_ascension_mode":true,"campfire_choices":[{"data":"Juggernaut","floor":8.0,"key":"SMITH"},{"data":"Dark Embrace","floor":15,"key":"SMITH"}],"neow_cost":"NONE","seed_source_timestamp":4326510015472700,"circlet_count":0,"master_deck":["AscendersBane","Strike_R","Strike_R","Strike_R","Defend_R","Defend_R","Defend_R","Defend_R","Bash+1","Clothesline","Pommel Strike","Clothesline","Shrug It Off","Shrug It Off","Juggernaut+1","Dark Embrace+1","Battle Trance","Shrug It Off"],"special_seed":0,"relics":["Burning Blood","Mummified Hand","Letter Opener","Question Card","InkBottle","HornCleat"],"potions_floor_usage":[14],"damage_taken":[{"damage":1.0,"enemies":"2 Louse","floor":1.0,"turns":4.0},{"damage":0.0,"enemies":"Cultist","floor":2.0,"turns":3.0},{"damage":4.0,"enemies":"Jaw Worm","floor":4.0,"turns":3.0},{"damage":22.0,"enemies":"Lagavulin","floor":6.0,"turns":5.0},{"damage":3.0,"enemies":"Looter","floor":10.0,"turns":3.0},{"damage":15.0,"enemies":"3 Sentries","floor":11.0,"turns":4.0},{"damage":34,"enemies":"Gremlin Nob","floor":14,"turns":5},{"damage":20,"enemies":"Slime Boss","floor":16,"turns":6}],"seed_played":"1593111522713534682","potions_obtained":[{"floor":2.0,"key":"Ancient Potion"},{"floor":6.0,"key":"DuplicationPotion"}],"is_trial":false,"path_per_floor":["M","M","?","M","$","E","T","R","T","M","E","?","?","E","R","B"],"character_chosen":"IRONCLAD","items_purchased":["AttackPotion","Shrug It Off"],"campfire_rested":0,"item_purchase_floors":[5,5],"current_hp_per_floor":[73,75,75,75,75,59,59,59,59,62,53,58,51,23,23,3],"gold":137,"neow_bonus":"UPGRADE_CARD","is_prod":false,"is_daily":false,"chose_seed":false,"campfire_upgraded":2,"win_rate":0,"timestamp":1632630292,"path_taken":["M","M","?","M","?","E","?","R","T","M","E","?","?","E","R","BOSS"],"build_version":"2020-12-22","purchased_purges":0,"victory":false,"max_hp_per_floor":[75,75,75,75,75,75,75,75,75,75,75,80,80,80,80,80],"card_choices":[{"not_picked":["Warcry","Body Slam"],"picked":"Clothesline","floor":1.0},{"not_picked":["Dual Wield","Sever Soul"],"picked":"Pommel Strike","floor":2.0},{"not_picked":["Flex","Second Wind"],"picked":"Shrug It Off","floor":4.0},{"not_picked":["Burning Pact","Twin Strike"],"picked":"Juggernaut","floor":6.0},{"not_picked":["Seeing Red","Headbutt","Reckless Charge"],"picked":"Dark Embrace","floor":10.0},{"not_picked":["Warcry","Body Slam","Twin Strike"],"picked":"Battle Trance","floor":11.0},{"not_picked":["Twin Strike","Whirlwind","Infernal Blade"],"picked":"Shrug It Off","floor":14}],"player_experience":1698952,"relics_obtained":[{"floor":6.0,"key":"Mummified Hand"},{"floor":7.0,"key":"Letter Opener"},{"floor":9.0,"key":"Question Card"},{"floor":11.0,"key":"InkBottle"},{"floor":14,"key":"HornCleat"}],"event_choices":[{"damage_healed":0.0,"max_hp_gain":0.0,"max_hp_loss":0.0,"gold_gain":0.0,"cards_transformed":["Strike_R"],"event_name":"Transmorgrifier","player_choice":"Transformed","floor":3.0,"gold_loss":0.0,"damage_taken":0.0,"cards_obtained":["Clothesline"]},{"damage_healed":0.0,"max_hp_gain":5.0,"max_hp_loss":0.0,"gold_gain":0.0,"event_name":"Big Fish","player_choice":"Donut","floor":12.0,"gold_loss":0.0,"damage_taken":0.0},{"cards_removed":["Strike_R"],"damage_healed":0.0,"max_hp_gain":0.0,"max_hp_loss":0.0,"gold_gain":0.0,"event_name":"Golden Wing","player_choice":"Card Removal","floor":13.0,"gold_loss":0.0,"damage_taken":7.0}],"is_beta":false,"boss_relics":[],"items_purged_floors":[],"is_endless":false,"potions_floor_spawned":[2,6],"killed_by":"Slime Boss","ascension_level":20}