{"gold_per_floor":[212,228,228,7,27,65,65,140,140,164,197,215,231,251,251,347,347,371,386,28,41,57,91,91,91,91,105,105,20,20,58,58,152,152,172,172,195,213,55,55,79,119,119,157,172,191,225,256,256,256,256,256,256,43,76,76],"floor_reached":56,"playtime":4342,"items_purged":["Strike_R","Anger","Strike_R+1"],"score":2107,"play_id":"2db72263-54ea-424d-8149-f6350bd51443","local_time":"20210926134640","is_ascension_mode":true,"campfire_choices":[{"data":"Bash","floor":7.0,"key":"SMITH"},{"data":"Inflame","floor":15.0,"key":"SMITH"},{"floor":25.0,"key":"REST"},{"data":"Fiend Fire","floor":28.0,"key":"SMITH"},{"data":"Pommel Strike","floor":30.0,"key":"SMITH"},{"data":"Reaper","floor":32.0,"key":"SMITH"},{"floor":40,"key":"RECALL"},{"floor":49,"key":"REST"},{"floor":53,"key":"REST"}],"neow_cost":"NONE","seed_source_timestamp":4374402285031900,"circlet_count":0,"master_deck":["AscendersBane","Strike_R+1","Strike_R+1","Strike_R+1","Defend_R+1","Defend_R+1","Defend_R+1","Defend_R+1","Clothesline+1","Ghostly Armor","Battle Trance+1","Disarm+1","Armaments+1","Warcry+1","Havoc+1","Inflame+1","Reaper+1","Disarm+1","Pommel Strike+1","Fiend Fire+1","Shrug It Off+1","Warcry+1","Feed","Power Through+1","Shockwave+1","Power Through+1","True Grit+1","Shrug It Off+1","Feel No Pain","Spot Weakness+1","Fiend Fire","Dual Wield+1","Rage+1"],"special_seed":0,"relics":["Burning Blood","Golden Idol","Akabeko","Toxic Egg 2","Whetstone","Sundial","Sozu","Kunai","Orichalcum","Pen Nib","Smiling Mask","Boot","Fusion Hammer","Bag of Marbles","Gremlin Horn","Darkstone Periapt","Turnip","Lantern","Bottled Flame"],"potions_floor_usage":[],"damage_taken":[{"damage":4.0,"enemies":"Small Slimes","floor":1.0,"turns":3.0},{"damage":4.0,"enemies":"2 Louse","floor":2.0,"turns":3.0},{"damage":7.0,"enemies":"Jaw Worm","floor":5.0,"turns":2.0},{"damage":17.0,"enemies":"3 Sentries","floor":6.0,"turns":9.0},{"damage":2.0,"enemies":"Looter","floor":10.0,"turns":3.0},{"damage":14.0,"enemies":"Lagavulin","floor":11.0,"turns":6.0},{"damage":2.0,"enemies":"Large Slime","floor":12.0,"turns":5.0},{"damage":1.0,"enemies":"3 Louse","floor":13.0,"turns":3.0},{"damage":0.0,"enemies":"Looter","floor":14.0,"turns":2.0},{"damage":0.0,"enemies":"Slime Boss","floor":16.0,"turns":6.0},{"damage":11.0,"enemies":"Shell Parasite","floor":18.0,"turns":5.0},{"damage":16.0,"enemies":"Spheric Guardian","floor":19.0,"turns":4.0},{"damage":29.0,"enemies":"Shelled Parasite and Fungi","floor":21.0,"turns":5.0},{"damage":12.0,"enemies":"Snecko","floor":22.0,"turns":3.0},{"damage":57.0,"enemies":"Slavers","floor":23.0,"turns":11.0},{"damage":0.0,"enemies":"Centurion and Healer","floor":27.0,"turns":6.0},{"damage":10.0,"enemies":"Book of Stabbing","floor":31.0,"turns":6.0},{"damage":56.0,"enemies":"Collector","floor":33.0,"turns":6.0},{"damage":8.0,"enemies":"3 Shapes","floor":35.0,"turns":4.0},{"damage":1,"enemies":"Orb Walker","floor":37,"turns":4},{"damage":2,"enemies":"4 Shapes","floor":38,"turns":5},{"damage":9,"enemies":"Jaw Worm Horde","floor":41,"turns":4},{"damage":8,"enemies":"Nemesis","floor":42,"turns":6},{"damage":45,"enemies":"Giant Head","floor":44,"turns":9},{"damage":9,"enemies":"Maw","floor":45,"turns":6},{"damage":0,"enemies":"Writhing Mass","floor":46,"turns":6},{"damage":21,"enemies":"Reptomancer","floor":47,"turns":5},{"damage":0,"enemies":"Mind Bloom Boss Battle","floor":48,"turns":7},{"damage":30,"enemies":"Donu and Deca","floor":50,"turns":11},{"damage":29,"enemies":"Awakened One","floor":51,"turns":11},{"damage":97,"enemies":"Shield and Spear","floor":55,"turns":15},{"damage":38,"enemies":"The Heart","floor":56,"turns":2}],"seed_played":"-884285842206796295","potions_obtained":[{"floor":5.0,"key":"DistilledChaos"},{"floor":10.0,"key":"EssenceOfSteel"},{"floor":11.0,"key":"Strength Potion"}],"is_trial":false,"path_per_floor":["M","M","?","$","M","E","R","?","T","M","E","M","M","M","R","B",null,"M","M","$","M","M","E","?","R","T","M","R","?","R","E","R","B",null,"M","?","M","M","$","R","M","E","T","E","M","M","E","?","R","B","B",null,"R","$","E","B"],"character_chosen":"IRONCLAD","items_purchased":["Akabeko","Anger","Kunai","True Grit+1","Shrug It Off+1","Lantern"],"campfire_rested":3,"item_purchase_floors":[4,4,20,39,39,54],"current_hp_per_floor":[70,72,68,68,67,56,56,45,45,49,41,45,50,56,56,62,67,68,61,61,45,51,8,8,28,28,46,46,46,46,56,56,18,56,68,68,68,71,71,71,71,69,69,52,63,73,64,83,83,64,77,82,83,83,22,0],"gold":76,"neow_bonus":"HUNDRED_GOLD","is_prod":false,"is_daily":false,"chose_seed":false,"campfire_upgraded":5,"win_rate":0,"timestamp":1632682000,"path_taken":["M","M","?","$","M","E","R","?","T","M","E","M","M","M","R","BOSS","M","M","$","M","M","E","?","R","T","M","R","?","R","E","R","BOSS","M","?","M","M","$","R","M","E","T","E","M","M","E","?","R","BOSS","BOSS","R","$","E","BOSS"],"build_version":"2020-12-22","purchased_purges":3,"victory":false,"max_hp_per_floor":[75,75,68,68,68,68,68,68,68,68,68,68,68,68,68,68,68,68,68,68,68,68,68,68,68,68,68,68,68,68,68,68,68,68,68,68,68,71,71,71,71,71,71,71,75,79,79,83,83,83,83,83,83,83,83,83],"card_choices":[{"not_picked":["Sword Boomerang","Blood for Blood"],"picked":"Clothesline","floor":1.0},{"not_picked":["Thunderclap","Havoc","Warcry"],"picked":"SKIP","floor":2.0},{"not_picked":["True Grit","Fire Breathing"],"picked":"Ghostly Armor","floor":5.0},{"not_picked":["Flex+1","Armaments+1"],"picked":"Battle Trance+1","floor":6.0},{"not_picked":["True Grit+1","Wild Strike"],"picked":"Disarm+1","floor":10.0},{"not_picked":["Brutality","Havoc+1"],"picked":"Armaments+1","floor":11.0},{"not_picked":["Body Slam","Iron Wave"],"picked":"Warcry+1","floor":12.0},{"not_picked":["Pummel","Flex+1"],"picked":"Havoc+1","floor":13.0},{"not_picked":["Heavy Blade","Iron Wave"],"picked":"Inflame","floor":14.0},{"not_picked":["Brutality","Limit Break+1"],"picked":"Reaper","floor":16.0},{"not_picked":["Cleave","Clash"],"picked":"Disarm+1","floor":18.0},{"not_picked":["Dual Wield+1","Twin Strike"],"picked":"Pommel Strike","floor":19.0},{"not_picked":["Searing Blow","Second Wind+1","Sword Boomerang"],"picked":"SKIP","floor":21.0},{"not_picked":["Clothesline","Shrug It Off+1"],"picked":"Fiend Fire","floor":22.0},{"not_picked":["Flex+1","Perfected Strike","Pummel"],"picked":"SKIP","floor":23.0},{"not_picked":["Wild Strike","Havoc+1"],"picked":"Shrug It Off+1","floor":27.0},{"not_picked":["Intimidate+1","Clash"],"picked":"Warcry+1","floor":31.0},{"not_picked":["Barricade","Juggernaut"],"picked":"Feed","floor":33.0},{"not_picked":["Second Wind+1","Flex+1"],"picked":"Power Through+1","floor":35},{"not_picked":["Infernal Blade+1","Perfected Strike+1"],"picked":"Shockwave+1","floor":37},{"not_picked":["Clash","Wild Strike"],"picked":"Power Through+1","floor":38},{"not_picked":["Wild Strike","Cleave"],"picked":"Feel No Pain","floor":41},{"not_picked":["Rupture","Twin Strike+1"],"picked":"Spot Weakness+1","floor":42},{"not_picked":["Armaments+1","Wild Strike+1"],"picked":"Fiend Fire","floor":44},{"not_picked":["Blood for Blood","Body Slam","Flex+1"],"picked":"SKIP","floor":45},{"not_picked":["Rupture","Anger","Evolve"],"picked":"SKIP","floor":46},{"not_picked":["Sword Boomerang+1","Heavy Blade","Bloodletting+1"],"picked":"SKIP","floor":47},{"not_picked":["Juggernaut","Intimidate+1"],"picked":"Dual Wield+1","floor":48},{"not_picked":["Inflame","Heavy Blade"],"picked":"Rage+1","floor":55}],"player_experience":1707027,"relics_obtained":[{"floor":6.0,"key":"Toxic Egg 2"},{"floor":9.0,"key":"Whetstone"},{"floor":11.0,"key":"Sundial"},{"floor":23.0,"key":"Orichalcum"},{"floor":26.0,"key":"Pen Nib"},{"floor":31.0,"key":"Boot"},{"floor":42,"key":"Bag of Marbles"},{"floor":44,"key":"Gremlin Horn"},{"floor":47,"key":"Darkstone Periapt"},{"floor":48,"key":"Turnip"},{"floor":55,"key":"Bottled Flame"}],"event_choices":[{"damage_healed":0.0,"max_hp_gain":0.0,"max_hp_loss":7.0,"gold_gain":0.0,"event_name":"Golden Idol","player_choice":"Lose Max HP","floor":3.0,"gold_loss":0.0,"damage_taken":0.0,"relics_obtained":["Golden Idol"]},{"damage_healed":0.0,"max_hp_gain":0.0,"max_hp_loss":0.0,"gold_gain":75.0,"event_name":"World of Goop","player_choice":"Gather Gold","floor":8.0,"gold_loss":0.0,"damage_taken":11.0},{"damage_healed":0.0,"max_hp_gain":0.0,"max_hp_loss":0.0,"gold_gain":0.0,"event_name":"Back to Basics","player_choice":"Simplicity","floor":24.0,"gold_loss":0.0,"damage_taken":0.0,"cards_upgraded":["Strike_R","Strike_R","Strike_R","Defend_R","Defend_R","Defend_R","Defend_R"]},{"damage_healed":0.0,"max_hp_gain":0.0,"max_hp_loss":0.0,"gold_gain":0.0,"event_name":"Addict","player_choice":"Obtained Relic","floor":29.0,"gold_loss":85.0,"damage_taken":0.0,"relics_obtained":["Smiling Mask"]},{"cards_removed":["Bash"],"damage_healed":0,"gold_gain":0,"player_choice":"Removed Attack","damage_taken":0,"max_hp_gain":0,"max_hp_loss":0,"event_name":"Falling","floor":36,"gold_loss":0},{"damage_healed":0,"gold_gain":0,"player_choice":"Fight","damage_taken":0,"max_hp_gain":0,"max_hp_loss":0,"event_name":"MindBloom","floor":48,"gold_loss":0}],"is_beta":false,"boss_relics":[{"not_picked":["Black Star","Runic Cube"],"picked":"Sozu"},{"not_picked":["Empty Cage","Black Blood"],"picked":"Fusion Hammer"}],"items_purged_floors":[20,39,54],"is_endless":false,"potions_floor_spawned":[5,10,11,16,18,21,31,37,41,45,47,48],"killed_by":"The Heart","ascension_level":20}