{"gold_per_floor":[368,50,65,85,160,187,187,199,222,248,268,268,287,303,303,377,377,389,421,346,360,360,387,387,414,491,491,526,540,556,572,572,648,648,662,678,688,708,720,750,769,769,769,57,57,57,89,101,101,101,101],"floor_reached":51,"playtime":2751,"items_purged":["Strike_R","Strike_R"],"score":1641,"play_id":"f49d9150-a4f3-4e16-ad6a-5f9060249fcb","local_time":"20211002123946","is_ascension_mode":true,"campfire_choices":[{"data":"Fiend Fire","floor":7.0,"key":"SMITH"},{"data":"Immolate","floor":12.0,"key":"SMITH"},{"data":"Shockwave","floor":15.0,"key":"SMITH"},{"data":"Feed","floor":24,"key":"SMITH"},{"data":"Dual Wield","floor":27,"key":"SMITH"},{"data":"Immolate","floor":32,"key":"SMITH"},{"data":"Uppercut","floor":42,"key":"SMITH"},{"floor":45,"key":"REST"},{"floor":49,"key":"RECALL"}],"neow_cost":"PERCENT_DAMAGE","seed_source_timestamp":4890619764360000,"circlet_count":0,"master_deck":["AscendersBane","Strike_R","Strike_R","Defend_R+1","Defend_R","Defend_R+1","Defend_R","Bash","Twin Strike","Uppercut+1","Wild Strike","Fiend Fire+1","Immolate+1","Shockwave+1","Hemokinesis","Feed+1","Dual Wield+1","Corruption","Blood for Blood+1","Immolate+1","Reaper","Fiend Fire+1"],"special_seed":0,"relics":["Burning Blood","Red Skull","Bronze Scales","War Paint","Smiling Mask","Snecko Eye","Red Mask","Nilry\u0027s Codex","Bag of Marbles","Question Card","Pear","Toy Ornithopter","Busted Crown","Omamori","Potion Belt","Thread and Needle","DollysMirror","Sundial"],"potions_floor_usage":[16,23,51],"damage_taken":[{"damage":2.0,"enemies":"Cultist","floor":1.0,"turns":4.0},{"damage":1.0,"enemies":"Small Slimes","floor":3.0,"turns":4.0},{"damage":6.0,"enemies":"Jaw Worm","floor":4.0,"turns":4.0},{"damage":15.0,"enemies":"Lagavulin","floor":6.0,"turns":5.0},{"damage":13.0,"enemies":"3 Louse","floor":8.0,"turns":2.0},{"damage":2.0,"enemies":"3 Sentries","floor":10.0,"turns":4.0},{"damage":13.0,"enemies":"Exordium Wildlife","floor":11.0,"turns":3.0},{"damage":8.0,"enemies":"Looter","floor":13.0,"turns":2.0},{"damage":7.0,"enemies":"Exordium Thugs","floor":14.0,"turns":3.0},{"damage":4,"enemies":"Slime Boss","floor":16,"turns":4},{"damage":13,"enemies":"3 Byrds","floor":18,"turns":3},{"damage":0,"enemies":"Masked Bandits","floor":19,"turns":1},{"damage":6,"enemies":"2 Thieves","floor":21,"turns":3},{"damage":14,"enemies":"Gremlin Leader","floor":23,"turns":3},{"damage":5,"enemies":"Book of Stabbing","floor":25,"turns":2},{"damage":7,"enemies":"Gremlin Leader","floor":28,"turns":3},{"damage":6,"enemies":"Chosen and Byrds","floor":29,"turns":5},{"damage":6,"enemies":"Sentry and Sphere","floor":30,"turns":3},{"damage":0,"enemies":"3 Cultists","floor":31,"turns":4},{"damage":19,"enemies":"Collector","floor":33,"turns":5},{"damage":13,"enemies":"3 Darklings","floor":35,"turns":4},{"damage":24,"enemies":"Orb Walker","floor":36,"turns":4},{"damage":18,"enemies":"Transient","floor":37,"turns":6},{"damage":12,"enemies":"Spire Growth","floor":38,"turns":3},{"damage":50,"enemies":"Sphere and 2 Shapes","floor":39,"turns":6},{"damage":33,"enemies":"Reptomancer","floor":40,"turns":5},{"damage":40,"enemies":"Writhing Mass","floor":41,"turns":4},{"damage":16,"enemies":"Nemesis","floor":47,"turns":3},{"damage":16,"enemies":"Spire Growth","floor":48,"turns":3},{"damage":65,"enemies":"Donu and Deca","floor":50,"turns":4},{"damage":28,"enemies":"Time Eater","floor":51,"turns":5}],"seed_played":"-2256493397820344167","potions_obtained":[{"floor":4.0,"key":"LiquidMemories"},{"floor":8.0,"key":"SteroidPotion"},{"floor":13.0,"key":"DuplicationPotion"},{"floor":18,"key":"SpeedPotion"},{"floor":28,"key":"SkillPotion"},{"floor":47,"key":"SpeedPotion"},{"floor":48,"key":"Dexterity Potion"}],"is_trial":false,"path_per_floor":["M","$","M","M","?","E","R","M","T","E","M","R","M","M","R","B",null,"M","?","?","M","?","E","R","E","T","R","E","M","M","M","R","B",null,"M","M","M","M","M","E","M","R","T","$","R","?","E","M","R","B","B"],"character_chosen":"IRONCLAD","items_purchased":["Red Skull","Uppercut","Potion Belt","Thread and Needle","DollysMirror"],"campfire_rested":1,"item_purchase_floors":[2,2,44,44,44],"current_hp_per_floor":[54,54,59,59,48,39,39,32,32,36,29,29,27,26,26,28,63,59,65,65,68,47,42,42,43,53,53,52,56,56,62,62,53,90,99,104,104,102,72,75,47,47,47,47,81,81,71,79,79,40,27],"gold":101,"neow_bonus":"TWO_FIFTY_GOLD","is_prod":false,"is_daily":false,"chose_seed":false,"campfire_upgraded":7,"win_rate":0,"timestamp":1633196386,"path_taken":["M","$","M","M","?","E","R","M","T","E","M","R","M","M","R","BOSS","M","?","?","M","?","E","R","E","T","R","E","M","M","M","R","BOSS","M","M","M","M","M","E","M","R","T","$","R","?","E","M","R","BOSS","BOSS"],"build_version":"2020-12-22","purchased_purges":2,"victory":false,"max_hp_per_floor":[75,75,75,75,75,75,75,75,75,75,75,75,75,75,75,75,75,78,78,78,81,81,84,84,84,94,94,94,98,98,98,98,102,102,106,106,106,106,114,114,114,114,114,114,114,114,114,114,114,114,114],"card_choices":[{"not_picked":["Warcry","Clothesline"],"picked":"Twin Strike","floor":1.0},{"not_picked":["Blood for Blood","Rage"],"picked":"Wild Strike","floor":3.0},{"not_picked":["Thunderclap","Clothesline"],"picked":"Fiend Fire","floor":4.0},{"not_picked":["Pommel Strike","Sword Boomerang"],"picked":"Immolate","floor":6.0},{"not_picked":["Clash","Carnage","Blood for Blood"],"picked":"SKIP","floor":8.0},{"not_picked":["Berserk","Ghostly Armor"],"picked":"Shockwave","floor":10.0},{"not_picked":["Thunderclap","Entrench"],"picked":"Hemokinesis","floor":11.0},{"not_picked":["Headbutt","Warcry","Second Wind"],"picked":"SKIP","floor":13.0},{"not_picked":["Blood for Blood","Warcry","Wild Strike"],"picked":"SKIP","floor":14.0},{"not_picked":["Bludgeon","Offering"],"picked":"Feed","floor":16},{"not_picked":["Clash","Body Slam","Heavy Blade"],"picked":"SKIP","floor":18},{"not_picked":["Seeing Red","Entrench"],"picked":"Dual Wield","floor":19},{"not_picked":["Fire Breathing","Spot Weakness","Armaments"],"picked":"SKIP","floor":21},{"not_picked":["Dark Embrace","Warcry","Hemokinesis"],"picked":"SKIP","floor":23},{"not_picked":["Cleave","Metallicize"],"picked":"Corruption","floor":25},{"not_picked":["Heavy Blade+1","Cleave","Havoc"],"picked":"Exhume","floor":28},{"not_picked":["Clothesline","Dual Wield","Cleave"],"picked":"Blood for Blood+1","floor":29},{"not_picked":["Thunderclap","Warcry","Headbutt","Ghostly Armor"],"picked":"SKIP","floor":30},{"not_picked":["Heavy Blade","Warcry","Armaments"],"picked":"Immolate","floor":31},{"not_picked":["Offering","Corruption","Demon Form"],"picked":"Reaper","floor":33},{"not_picked":["Dropkick","Wild Strike"],"picked":"SKIP","floor":35},{"not_picked":["Headbutt","Clash+1"],"picked":"SKIP","floor":36},{"not_picked":["Spot Weakness","Headbutt"],"picked":"SKIP","floor":37},{"not_picked":["Rampage","Blood for Blood+1"],"picked":"SKIP","floor":38},{"not_picked":["Clothesline","Clash"],"picked":"SKIP","floor":39},{"not_picked":["Carnage","Sentinel"],"picked":"SKIP","floor":40},{"not_picked":["Armaments","Thunderclap+1"],"picked":"SKIP","floor":41},{"not_picked":["Perfected Strike+1","Twin Strike"],"picked":"SKIP","floor":47},{"not_picked":["Combust","Anger"],"picked":"SKIP","floor":48}],"player_experience":1785859,"relics_obtained":[{"floor":6.0,"key":"Bronze Scales"},{"floor":9.0,"key":"War Paint"},{"floor":10.0,"key":"Smiling Mask"},{"floor":19,"key":"Red Mask"},{"floor":22,"key":"Nilry\u0027s Codex"},{"floor":23,"key":"Bag of Marbles"},{"floor":25,"key":"Question Card"},{"floor":26,"key":"Pear"},{"floor":28,"key":"Toy Ornithopter"},{"floor":40,"key":"Omamori"},{"floor":47,"key":"Sundial"}],"event_choices":[{"damage_healed":0.0,"max_hp_gain":0.0,"max_hp_loss":0.0,"gold_gain":75.0,"event_name":"World of Goop","player_choice":"Gather Gold","floor":5.0,"gold_loss":0.0,"damage_taken":11.0},{"damage_healed":0,"gold_gain":0,"player_choice":"Fought Bandits","damage_taken":0,"max_hp_gain":0,"max_hp_loss":0,"event_name":"Masked Bandits","floor":19,"gold_loss":0},{"cards_removed":["Strike_R"],"damage_healed":0,"gold_gain":0,"player_choice":"Gave Gold","damage_taken":0,"max_hp_gain":0,"max_hp_loss":0,"event_name":"Beggar","floor":20,"gold_loss":75},{"damage_healed":0,"gold_gain":0,"player_choice":"Obtained Book","damage_taken":21,"max_hp_gain":0,"max_hp_loss":0,"event_name":"Cursed Tome","floor":22,"gold_loss":0},{"cards_removed":["Exhume"],"damage_healed":0,"gold_gain":0,"player_choice":"Removed Skill","damage_taken":0,"max_hp_gain":0,"max_hp_loss":0,"event_name":"Falling","floor":46,"gold_loss":0}],"is_beta":false,"boss_relics":[{"not_picked":["Runic Cube","Philosopher\u0027s Stone"],"picked":"Snecko Eye"},{"not_picked":["Velvet Choker","Mark of Pain"],"picked":"Busted Crown"}],"items_purged_floors":[2,44],"is_endless":false,"potions_floor_spawned":[4,8,13,14,18,19,28,29,31,36,39,40,47,48],"killed_by":"Time Eater","ascension_level":20}