{"gold_per_floor":[117,117,127,145,162,162,197,197,275,275,285,296,312,338,338,415,415,435,449,479,479,479,479,509,529,529,563,563,112,112,130,130,205,205,219,236,236,76,89,89,122,122,145,171,6,40,60,80,80,80,80],"floor_reached":52,"playtime":2731,"items_purged":["Infernal Blade"],"score":2084,"play_id":"55b49d4e-a6d5-44a6-b14e-942f264d363b","local_time":"20211001065028","is_ascension_mode":true,"campfire_choices":[{"data":"Carnage","floor":6,"key":"SMITH"},{"data":"Bash","floor":8,"key":"SMITH"},{"data":"Bloodletting","floor":10,"key":"SMITH"},{"data":"Wild Strike","floor":15,"key":"SMITH"},{"data":"Seeing Red","floor":23,"key":"SMITH"},{"data":"Fiend Fire","floor":28,"key":"SMITH"},{"data":"Shockwave","floor":30,"key":"SMITH"},{"data":"Flex","floor":32,"key":"SMITH"},{"data":"Flame Barrier","floor":40,"key":"SMITH"},{"data":"Flame Barrier","floor":42,"key":"SMITH"},{"floor":49,"key":"RECALL"}],"neow_cost":"NONE","seed_source_timestamp":4783067220503800,"circlet_count":0,"master_deck":["AscendersBane","Defend_R","Defend_R","Defend_R","Defend_R","Bash+1","Carnage+1","Cleave","Bloodletting+1","Inflame","Wild Strike+1","Ghostly Armor","Battle Trance","Impervious+1","Anger","Bite","Bite","Bite","Bite","Bite","Seeing Red+1","Flame Barrier+1","Fiend Fire+1","Shockwave+1","Flex+1","Offering","Rage+1","Body Slam+1","Flame Barrier+1","Body Slam+1","Offering","Armaments+1"],"special_seed":0,"relics":["Burning Blood","Dream Catcher","Ice Cream","Toy Ornithopter","StrikeDummy","Vajra","Runic Pyramid","Red Mask","Gremlin Horn","Centennial Puzzle","PreservedInsect","Pantograph","Runic Cube","Bronze Scales","White Beast Statue","Incense Burner","ClockworkSouvenir","Shovel"],"potions_floor_usage":[27,51,51],"damage_taken":[{"damage":9.0,"enemies":"Jaw Worm","floor":1.0,"turns":5.0},{"damage":2,"enemies":"Cultist","floor":3,"turns":4},{"damage":3,"enemies":"2 Louse","floor":4,"turns":3},{"damage":17,"enemies":"Lots of Slimes","floor":5,"turns":4},{"damage":8,"enemies":"Gremlin Nob","floor":7,"turns":3},{"damage":17,"enemies":"Large Slime","floor":11,"turns":4},{"damage":9,"enemies":"Red Slaver","floor":12,"turns":3},{"damage":3,"enemies":"Lots of Slimes","floor":13,"turns":2},{"damage":15,"enemies":"Lagavulin","floor":14,"turns":5},{"damage":15,"enemies":"Slime Boss","floor":16,"turns":7},{"damage":3,"enemies":"Spheric Guardian","floor":18,"turns":3},{"damage":0,"enemies":"Chosen","floor":19,"turns":3},{"damage":31,"enemies":"Masked Bandits","floor":20,"turns":5},{"damage":16,"enemies":"Gremlin Leader","floor":24,"turns":5},{"damage":26,"enemies":"Snecko","floor":25,"turns":5},{"damage":21,"enemies":"Slavers","floor":27,"turns":6},{"damage":9,"enemies":"Sentry and Sphere","floor":31,"turns":4},{"damage":26,"enemies":"Champ","floor":33,"turns":7},{"damage":11,"enemies":"3 Shapes","floor":35,"turns":5},{"damage":9,"enemies":"3 Darklings","floor":36,"turns":3},{"damage":27,"enemies":"Maw","floor":39,"turns":7},{"damage":0,"enemies":"Nemesis","floor":41,"turns":3},{"damage":9,"enemies":"Giant Head","floor":44,"turns":5},{"damage":15,"enemies":"Reptomancer","floor":46,"turns":1},{"damage":14,"enemies":"4 Shapes","floor":47,"turns":2},{"damage":10,"enemies":"Transient","floor":48,"turns":6},{"damage":41,"enemies":"Donu and Deca","floor":50,"turns":11},{"damage":35,"enemies":"Time Eater","floor":51,"turns":6}],"seed_played":"-8002716424141309042","potions_obtained":[{"floor":1.0,"key":"Weak Potion"},{"floor":5,"key":"ElixirPotion"},{"floor":11,"key":"LiquidBronze"},{"floor":12,"key":"Dexterity Potion"},{"floor":20,"key":"PowerPotion"},{"floor":27,"key":"SteroidPotion"}],"is_trial":false,"path_per_floor":["M","?","M","M","M","R","E","R","T","R","M","M","M","E","R","B",null,"M","M","?","?","?","R","E","M","T","E","R","$","R","M","R","B",null,"M","M","?","$","M","R","E","R","T","E","$","E","M","M","R","B","B",null],"character_chosen":"IRONCLAD","items_purchased":["Shockwave","Pantograph","Flex","Bronze Scales","ClockworkSouvenir"],"campfire_rested":0,"item_purchase_floors":[29,29,29,38,45],"current_hp_per_floor":[65,65,69,72,61,61,59,59,59,59,48,45,48,39,39,30,64,67,73,48,48,48,48,52,38,38,40,40,40,40,47,47,41,49,48,52,52,52,45,45,52,52,52,52,52,47,43,49,49,32,30],"gold":80,"neow_bonus":"RANDOM_COMMON_RELIC","is_prod":false,"is_daily":false,"chose_seed":false,"campfire_upgraded":10,"win_rate":0,"timestamp":1633089028,"path_taken":["M","?","?","M","M","R","E","R","T","R","M","M","?","E","R","BOSS","M","M","?","?","?","R","E","M","T","E","R","$","R","M","R","BOSS","M","?","?","$","M","R","E","R","T","E","$","E","?","M","R","BOSS","BOSS"],"build_version":"2020-12-22","purchased_purges":1,"victory":true,"max_hp_per_floor":[75,75,75,75,75,75,75,75,75,75,75,75,75,75,75,75,75,75,75,75,52,52,52,52,52,52,52,52,52,52,52,52,52,52,52,52,52,52,52,52,52,52,52,52,52,52,52,52,52,52,52],"card_choices":[{"not_picked":["Evolve","Seeing Red"],"picked":"Infernal Blade","floor":1.0},{"not_picked":["Havoc","Headbutt","Entrench"],"picked":"SKIP","floor":3},{"not_picked":["Disarm","Twin Strike"],"picked":"Carnage","floor":4},{"not_picked":["Twin Strike","Perfected Strike"],"picked":"Cleave","floor":5},{"not_picked":["Berserk","Searing Blow"],"picked":"Bloodletting","floor":7},{"not_picked":["Sword Boomerang","Anger"],"picked":"Inflame","floor":11},{"not_picked":["Body Slam","Juggernaut"],"picked":"Wild Strike","floor":12},{"not_picked":["Metallicize","Anger"],"picked":"Ghostly Armor","floor":13},{"not_picked":["Pommel Strike","Spot Weakness"],"picked":"Battle Trance","floor":14},{"not_picked":["Exhume","Berserk"],"picked":"Impervious","floor":16},{"not_picked":["True Grit","Clothesline"],"picked":"Anger","floor":18},{"not_picked":["Fire Breathing","Shrug It Off","Warcry"],"picked":"SKIP","floor":19},{"not_picked":["Bludgeon","Hemokinesis"],"picked":"Flame Barrier","floor":24},{"not_picked":["Thunderclap","Heavy Blade","Fire Breathing"],"picked":"SKIP","floor":25},{"not_picked":["Uppercut","Dark Embrace"],"picked":"Fiend Fire","floor":27},{"not_picked":["Sword Boomerang","Intimidate","Heavy Blade"],"picked":"SKIP","floor":31},{"not_picked":["Corruption","Demon Form"],"picked":"Offering","floor":33},{"not_picked":["Ghostly Armor","Disarm"],"picked":"Rage+1","floor":35},{"not_picked":["Evolve","Power Through"],"picked":"Body Slam+1","floor":36},{"not_picked":["Clothesline","Thunderclap"],"picked":"Flame Barrier","floor":39},{"not_picked":["Berserk","Pummel"],"picked":"Body Slam+1","floor":41},{"not_picked":["Shrug It Off","Fiend Fire"],"picked":"Offering","floor":44},{"not_picked":["Intimidate","Flex"],"picked":"Armaments+1","floor":46},{"not_picked":["Armaments","Sword Boomerang","Carnage"],"picked":"SKIP","floor":47},{"not_picked":["Hemokinesis","Headbutt","Flex"],"picked":"SKIP","floor":48}],"player_experience":1757275,"relics_obtained":[{"floor":7,"key":"Toy Ornithopter"},{"floor":9,"key":"StrikeDummy"},{"floor":14,"key":"Vajra"},{"floor":20,"key":"Red Mask"},{"floor":24,"key":"Gremlin Horn"},{"floor":26,"key":"Centennial Puzzle"},{"floor":27,"key":"PreservedInsect"},{"floor":41,"key":"White Beast Statue"},{"floor":44,"key":"Incense Burner"},{"floor":46,"key":"Shovel"}],"event_choices":[{"damage_healed":0.0,"max_hp_gain":0.0,"max_hp_loss":0.0,"gold_gain":0.0,"event_name":"WeMeetAgain","player_choice":"Gave Potion","floor":2.0,"gold_loss":0.0,"damage_taken":0.0,"relics_obtained":["Ice Cream"]},{"damage_healed":0,"gold_gain":0,"player_choice":"Fought Bandits","damage_taken":0,"max_hp_gain":0,"max_hp_loss":0,"event_name":"Masked Bandits","floor":20,"gold_loss":0},{"damage_healed":0,"gold_gain":0,"player_choice":"Became a vampire","damage_taken":0,"max_hp_gain":0,"max_hp_loss":23,"event_name":"Vampires","floor":21,"gold_loss":0,"cards_obtained":["Bite","Bite","Bite","Bite","Bite"]},{"damage_healed":0,"gold_gain":0,"player_choice":"1 cards matched","damage_taken":0,"max_hp_gain":0,"max_hp_loss":0,"event_name":"Match and Keep!","floor":22,"gold_loss":0,"cards_obtained":["Seeing Red"]},{"damage_healed":0,"gold_gain":0,"player_choice":"Upgraded","damage_taken":0,"max_hp_gain":0,"max_hp_loss":0,"event_name":"Upgrade Shrine","floor":37,"gold_loss":0,"cards_upgraded":["Impervious"]}],"is_beta":false,"boss_relics":[{"not_picked":["Runic Dome","Astrolabe"],"picked":"Runic Pyramid"},{"not_picked":["Snecko Eye","Black Blood"],"picked":"Runic Cube"}],"items_purged_floors":[29],"is_endless":false,"potions_floor_spawned":[1,5,11,12,14,18,20,24,27,33,36,44,46,47,48],"ascension_level":20}