{"gold_per_floor":[111,130,130,141,160,192,203,203,203,252,279,35,62,78,78,153,153,165,33,51,51,61,86,86,113,113,138,138,138,138,157,157,157],"floor_reached":33,"playtime":2304,"items_purged":["Strike_R"],"score":650,"play_id":"6ac8b9b1-9fd2-4219-b473-64fe7255fd0f","local_time":"20211001212514","is_ascension_mode":true,"campfire_choices":[{"data":"Armaments","floor":8.0,"key":"SMITH"},{"data":"Uppercut","floor":15,"key":"SMITH"},{"data":"Immolate","floor":28,"key":"SMITH"},{"data":"Metallicize","floor":30,"key":"SMITH"},{"data":"Pommel Strike","floor":32,"key":"SMITH"}],"neow_cost":"NONE","seed_source_timestamp":4836180981868700,"circlet_count":0,"master_deck":["AscendersBane","Strike_R+1","Strike_R+1","Strike_R+1","Defend_R+1","Defend_R+1","Defend_R+1","Defend_R+1","Bash","Uppercut+1","Armaments+1","Iron Wave","Pummel","Pommel Strike+1","Anger","Feed","Impervious+1","Sword Boomerang","Bloodletting+1","Havoc+1","Warcry+1","Immolate+1","Metallicize+1","Warcry+1"],"special_seed":0,"relics":["Burning Blood","Omamori","Ornamental Fan","MealTicket","Toxic Egg 2","Red Skull","Bottled Lightning","SlaversCollar","Eternal Feather","Lantern","Mercury Hourglass","Juzu Bracelet","Nloth\u0027s Gift"],"potions_floor_usage":[11,18,23,23,25,33],"damage_taken":[{"damage":2.0,"enemies":"2 Louse","floor":1.0,"turns":3.0},{"damage":1.0,"enemies":"Cultist","floor":2.0,"turns":3.0},{"damage":2.0,"enemies":"Jaw Worm","floor":4.0,"turns":3.0},{"damage":3.0,"enemies":"2 Fungi Beasts","floor":5.0,"turns":4.0},{"damage":22.0,"enemies":"3 Sentries","floor":6.0,"turns":13.0},{"damage":7.0,"enemies":"Exordium Thugs","floor":7.0,"turns":4.0},{"damage":19,"enemies":"Gremlin Nob","floor":11,"turns":4},{"damage":23,"enemies":"Lagavulin","floor":13,"turns":6},{"damage":3,"enemies":"3 Louse","floor":14,"turns":3},{"damage":34,"enemies":"Hexaghost","floor":16,"turns":9},{"damage":17,"enemies":"Spheric Guardian","floor":18,"turns":6},{"damage":15,"enemies":"Shell Parasite","floor":20,"turns":5},{"damage":22,"enemies":"Centurion and Healer","floor":22,"turns":10},{"damage":38,"enemies":"Gremlin Leader","floor":23,"turns":9},{"damage":12,"enemies":"Book of Stabbing","floor":25,"turns":4},{"damage":9,"enemies":"Slavers","floor":27,"turns":4},{"damage":0,"enemies":"Snecko","floor":31,"turns":4},{"damage":63,"enemies":"Collector","floor":33,"turns":9}],"seed_played":"538472026955446524","potions_obtained":[{"floor":2.0,"key":"HeartOfIron"},{"floor":4.0,"key":"SkillPotion"},{"floor":6.0,"key":"SkillPotion"},{"floor":13,"key":"SteroidPotion"},{"floor":20,"key":"PowerPotion"},{"floor":22,"key":"GamblersBrew"},{"floor":23,"key":"SkillPotion"},{"floor":27,"key":"BlessingOfTheForge"}],"is_trial":false,"path_per_floor":["M","M","?","M","M","E","M","R","T","T","E","$","E","M","R","B",null,"M","$","M","?","M","E","?","E","T","E","R","?","R","M","R","B"],"character_chosen":"IRONCLAD","items_purchased":["Red Skull","Bloodletting+1","Havoc+1"],"campfire_rested":0,"item_purchase_floors":[12,19,19],"current_hp_per_floor":[72,75,75,75,75,59,58,58,58,58,45,60,43,46,46,21,64,53,68,63,63,51,22,22,16,16,16,28,28,40,46,58,0],"gold":157,"neow_bonus":"RANDOM_COMMON_RELIC","is_prod":false,"is_daily":false,"chose_seed":false,"campfire_upgraded":5,"win_rate":0,"timestamp":1633141514,"path_taken":["M","M","?","?","M","E","M","R","T","?","E","$","E","M","R","BOSS","M","$","M","?","M","E","?","E","T","E","R","?","R","M","R","BOSS"],"build_version":"2020-12-22","purchased_purges":1,"victory":false,"max_hp_per_floor":[75,75,75,75,75,75,75,75,75,75,75,75,75,75,75,78,78,78,78,82,82,86,89,89,89,89,92,92,92,92,92,92,92],"card_choices":[{"not_picked":["Cleave","Warcry"],"picked":"Wild Strike","floor":1.0},{"not_picked":["Feel No Pain","Wild Strike"],"picked":"Uppercut","floor":2.0},{"not_picked":["Twin Strike","Dropkick"],"picked":"Armaments","floor":4.0},{"not_picked":["Havoc","Sentinel","Headbutt"],"picked":"SKIP","floor":5.0},{"not_picked":["Double Tap","Thunderclap"],"picked":"Iron Wave","floor":6.0},{"not_picked":["Headbutt","Anger"],"picked":"Pummel","floor":7.0},{"not_picked":["Cleave","Wild Strike"],"picked":"Pommel Strike","floor":11},{"not_picked":["Thunderclap","Wild Strike"],"picked":"Anger","floor":13},{"not_picked":["Heavy Blade","Clothesline"],"picked":"Feed","floor":14},{"not_picked":["Fiend Fire","Limit Break+1"],"picked":"Impervious+1","floor":16},{"not_picked":["Body Slam","Cleave"],"picked":"Sword Boomerang","floor":18},{"not_picked":["Sentinel+1","Heavy Blade"],"picked":"Warcry+1","floor":20},{"not_picked":["Flex+1","Headbutt","Cleave"],"picked":"SKIP","floor":22},{"not_picked":["Body Slam","Flex+1","Evolve"],"picked":"SKIP","floor":23},{"not_picked":["Fiend Fire","Havoc+1"],"picked":"Immolate","floor":25},{"not_picked":["Feel No Pain","Immolate"],"picked":"Metallicize","floor":27},{"not_picked":["Perfected Strike+1","Armaments+1"],"picked":"Warcry+1","floor":31}],"player_experience":1767780,"relics_obtained":[{"floor":6.0,"key":"Omamori"},{"floor":9.0,"key":"Ornamental Fan"},{"floor":10.0,"key":"MealTicket"},{"floor":11,"key":"Toxic Egg 2"},{"floor":13,"key":"Bottled Lightning"},{"floor":23,"key":"Eternal Feather"},{"floor":25,"key":"Lantern"},{"floor":26,"key":"Mercury Hourglass"},{"floor":27,"key":"Juzu Bracelet"}],"event_choices":[{"cards_removed":["Strike_R"],"damage_healed":0.0,"max_hp_gain":0.0,"max_hp_loss":0.0,"gold_gain":0.0,"event_name":"Wheel of Change","player_choice":"Card Removal","floor":3.0,"gold_loss":0.0,"damage_taken":0.0},{"damage_healed":0,"gold_gain":0,"player_choice":"Simplicity","damage_taken":0,"max_hp_gain":0,"max_hp_loss":0,"event_name":"Back to Basics","floor":21,"gold_loss":0,"cards_upgraded":["Strike_R","Strike_R","Strike_R","Defend_R","Defend_R","Defend_R","Defend_R"]},{"cards_removed":["Wild Strike"],"damage_healed":0,"gold_gain":0,"player_choice":"Purged","damage_taken":0,"max_hp_gain":0,"max_hp_loss":0,"event_name":"Purifier","floor":24,"gold_loss":0},{"damage_healed":0,"gold_gain":0,"player_choice":"Traded Relic","damage_taken":0,"relics_obtained":["Nloth\u0027s Gift"],"max_hp_gain":0,"max_hp_loss":0,"event_name":"N\u0027loth","floor":29,"relics_lost":["Boot"],"gold_loss":0}],"is_beta":false,"boss_relics":[{"not_picked":["Black Blood","Runic Dome"],"picked":"SlaversCollar"}],"items_purged_floors":[12],"is_endless":false,"potions_floor_spawned":[2,4,6,13,20,22,23,27],"killed_by":"Collector","ascension_level":20}