{"gold_per_floor":[109,120,133,147,147,180,180,180,207,177,177,209,221,235,235,312,312,322,247,265,265,281,281,308,308,308,308],"floor_reached":27,"playtime":1378,"items_purged":[],"score":515,"play_id":"41fe5cd5-95cd-45b9-b84c-a7064f4306f5","local_time":"20211001155135","is_ascension_mode":true,"campfire_choices":[{"data":"Demon Form","floor":8,"key":"SMITH"},{"data":"Disarm","floor":11,"key":"SMITH"},{"data":"Bash","floor":15,"key":"SMITH"},{"data":"Fiend Fire","floor":23,"key":"SMITH"},{"data":"Battle Trance","floor":25,"key":"SMITH"}],"neow_cost":"NONE","seed_source_timestamp":4816936481621000,"circlet_count":0,"master_deck":["AscendersBane","Defend_R","Defend_R","Defend_R","Defend_R","Bash+1","Shrug It Off","Wild Strike+1","Demon Form+1","Disarm+1","Twin Strike","Seeing Red","Battle Trance+1","Fiend Fire+1","Bite","Bite","Bite","Bite","Bite","Reaper"],"relics":["Burning Blood","Bag of Marbles","Omamori","Dream Catcher","Cursed Key","Potion Belt","Calipers"],"potions_floor_usage":[10,16,18,20,27,27],"damage_taken":[{"damage":1,"enemies":"Cultist","floor":1,"turns":3},{"damage":1,"enemies":"2 Louse","floor":2,"turns":3},{"damage":7,"enemies":"Small Slimes","floor":3,"turns":4},{"damage":12,"enemies":"Red Slaver","floor":4,"turns":4},{"damage":27,"enemies":"Lagavulin","floor":6,"turns":8},{"damage":11,"enemies":"Exordium Thugs","floor":10,"turns":4},{"damage":31,"enemies":"3 Sentries","floor":12,"turns":10},{"damage":4,"enemies":"Large Slime","floor":13,"turns":5},{"damage":0,"enemies":"Exordium Wildlife","floor":14,"turns":2},{"damage":15,"enemies":"Hexaghost","floor":16,"turns":8},{"damage":0,"enemies":"3 Byrds","floor":18,"turns":5},{"damage":17,"enemies":"2 Thieves","floor":20,"turns":5},{"damage":38,"enemies":"Snecko","floor":22,"turns":5},{"damage":35,"enemies":"Gremlin Leader","floor":24,"turns":6},{"damage":29,"enemies":"Slavers","floor":27,"turns":3}],"seed_played":"-9189028126443490946","potions_obtained":[{"floor":0,"key":"PowerPotion"},{"floor":0,"key":"FearPotion"},{"floor":13,"key":"Fire Potion"},{"floor":18,"key":"Block Potion"},{"floor":22,"key":"SteroidPotion"},{"floor":24,"key":"Weak Potion"}],"is_trial":false,"path_per_floor":["M","M","M","M","?","E","?","R","T","M","R","E","M","M","R","B",null,"M","?","M","?","M","R","E","R","T","E"],"character_chosen":"IRONCLAD","items_purchased":[],"campfire_rested":0,"item_purchase_floors":[],"current_hp_per_floor":[73,75,74,68,68,47,47,47,47,42,42,17,19,25,25,16,60,66,66,55,52,28,28,19,19,19,10],"gold":308,"neow_bonus":"THREE_SMALL_POTIONS","is_prod":false,"is_daily":false,"chose_seed":false,"campfire_upgraded":5,"win_rate":0,"timestamp":1633121495,"path_taken":["M","?","M","M","?","E","?","R","T","M","R","E","M","?","R","BOSS","M","?","M","?","?","R","E","R","T","E"],"build_version":"2020-12-22","purchased_purges":0,"victory":false,"max_hp_per_floor":[75,75,75,75,75,75,75,75,75,75,75,75,75,75,75,75,75,75,75,75,52,52,52,52,52,52,52],"card_choices":[{"not_picked":["Rupture","Heavy Blade"],"picked":"Shrug It Off","floor":1},{"not_picked":["Iron Wave","Inflame"],"picked":"Wild Strike","floor":2},{"not_picked":["Flex","Headbutt"],"picked":"Demon Form","floor":3},{"not_picked":["Dropkick","Reckless Charge"],"picked":"Disarm","floor":4},{"not_picked":["Combust","Feel No Pain"],"picked":"Twin Strike","floor":6},{"not_picked":["Twin Strike","Wild Strike"],"picked":"Seeing Red","floor":10},{"not_picked":["Thunderclap","Wild Strike","Flex"],"picked":"SKIP","floor":12},{"not_picked":["Flex","Iron Wave"],"picked":"Battle Trance","floor":13},{"not_picked":["Heavy Blade","Flex","Rupture"],"picked":"SKIP","floor":14},{"not_picked":["Bludgeon","Berserk"],"picked":"Fiend Fire","floor":16},{"not_picked":["Headbutt","Thunderclap","Sword Boomerang"],"picked":"SKIP","floor":18},{"not_picked":["Perfected Strike","Havoc","Armaments"],"picked":"SKIP","floor":20},{"not_picked":["Wild Strike","Twin Strike","Perfected Strike"],"picked":"SKIP","floor":22},{"not_picked":["Whirlwind","Thunderclap"],"picked":"Reaper","floor":24}],"player_experience":1762235,"relics_obtained":[{"floor":6,"key":"Bag of Marbles"},{"floor":9,"key":"Omamori"},{"floor":12,"key":"Dream Catcher"},{"floor":24,"key":"Potion Belt"},{"floor":26,"key":"Calipers"}],"event_choices":[{"damage_healed":0,"gold_gain":0,"player_choice":"Ignored","damage_taken":0,"max_hp_gain":0,"max_hp_loss":0,"event_name":"Liars Game","floor":5,"gold_loss":0},{"damage_healed":0,"gold_gain":0,"player_choice":"Upgraded","damage_taken":0,"max_hp_gain":0,"max_hp_loss":0,"event_name":"Upgrade Shrine","floor":7,"gold_loss":0,"cards_upgraded":["Wild Strike"]},{"cards_removed":["Strike_R"],"damage_healed":0,"gold_gain":0,"player_choice":"Gave Gold","damage_taken":0,"max_hp_gain":0,"max_hp_loss":0,"event_name":"Beggar","floor":19,"gold_loss":75},{"damage_healed":0,"gold_gain":0,"player_choice":"Became a vampire","damage_taken":0,"max_hp_gain":0,"max_hp_loss":23,"event_name":"Vampires","floor":21,"gold_loss":0,"cards_obtained":["Bite","Bite","Bite","Bite","Bite"]}],"is_beta":false,"boss_relics":[{"not_picked":["SlaversCollar","Fusion Hammer"],"picked":"Cursed Key"}],"items_purged_floors":[],"is_endless":false,"potions_floor_spawned":[2,4,13,18,22,24],"killed_by":"Slavers","ascension_level":20}