{"gold_per_floor":[118,43,54,54,74,99,117,130,154,154,181,181,200,35,35,110,110,120,140,187,27,27,53,53,95,118,118,160,179,29,40,40,120,120,145,145,73,97,115,157,179,214,214,114,135,10,40,69,69,69,69,69,69,24,68,68],"floor_reached":57,"playtime":2618,"items_purged":["Strike_R","Anger","Strike_R"],"score":3224,"play_id":"050389e3-5a13-410a-b05d-aae39dfdfe28","local_time":"20211001044734","is_ascension_mode":true,"campfire_choices":[{"data":"Carnage","floor":10,"key":"SMITH"},{"data":"Whirlwind","floor":12,"key":"SMITH"},{"data":"Bash","floor":15,"key":"SMITH"},{"data":"Pommel Strike","floor":24,"key":"SMITH"},{"data":"Dark Embrace","floor":27,"key":"SMITH"},{"data":"Corruption","floor":32,"key":"SMITH"},{"floor":49,"key":"RECALL"},{"floor":53,"key":"REST"}],"neow_cost":"NONE","seed_source_timestamp":4775837760907400,"circlet_count":0,"master_deck":["AscendersBane","Defend_R","Defend_R+1","Defend_R","Defend_R+1","Bash+1","Carnage+1","Pommel Strike+1","Whirlwind+1","Shrug It Off","Corruption+1","Shockwave+1","Sever Soul","Dark Embrace+1","Flame Barrier","True Grit+1","Feel No Pain","Fiend Fire+1","Shrug It Off","Entrench","Body Slam+1","Shockwave+1","Offering","Sentinel","Entrench","Flame Barrier","Shrug It Off","Dropkick+1"],"relics":["Burning Blood","Akabeko","Vajra","Tiny Chest","War Paint","Bronze Scales","Runic Dome","PreservedInsect","TheAbacus","CeramicFish","Molten Egg 2","Anchor","Ornamental Fan","Fusion Hammer","Magic Flower","Lantern","StoneCalendar","Regal Pillow","Paper Frog"],"potions_floor_usage":[11,16,16,16,16,18,33,33,56,56],"damage_taken":[{"damage":7,"enemies":"Small Slimes","floor":1,"turns":4},{"damage":2,"enemies":"2 Louse","floor":3,"turns":3},{"damage":1,"enemies":"Cultist","floor":5,"turns":3},{"damage":35,"enemies":"Lagavulin","floor":6,"turns":5},{"damage":16,"enemies":"Exordium Thugs","floor":7,"turns":5},{"damage":1,"enemies":"2 Fungi Beasts","floor":8,"turns":3},{"damage":0,"enemies":"3 Sentries","floor":11,"turns":2},{"damage":1,"enemies":"Red Slaver","floor":13,"turns":2},{"damage":37,"enemies":"Hexaghost","floor":16,"turns":8},{"damage":12,"enemies":"Shell Parasite","floor":18,"turns":3},{"damage":12,"enemies":"2 Thieves","floor":19,"turns":3},{"damage":16,"enemies":"Book of Stabbing","floor":23,"turns":4},{"damage":0,"enemies":"Slavers","floor":25,"turns":1},{"damage":11,"enemies":"Gremlin Leader","floor":28,"turns":3},{"damage":10,"enemies":"Centurion and Healer","floor":29,"turns":5},{"damage":0,"enemies":"Sentry and Sphere","floor":31,"turns":3},{"damage":10,"enemies":"Automaton","floor":33,"turns":6},{"damage":13,"enemies":"3 Darklings","floor":35,"turns":3},{"damage":0,"enemies":"Orb Walker","floor":38,"turns":2},{"damage":0,"enemies":"Sphere and 2 Shapes","floor":39,"turns":1},{"damage":1,"enemies":"Giant Head","floor":40,"turns":4},{"damage":15,"enemies":"4 Shapes","floor":41,"turns":5},{"damage":21,"enemies":"Nemesis","floor":42,"turns":3},{"damage":12,"enemies":"Jaw Worm Horde","floor":45,"turns":4},{"damage":6,"enemies":"Reptomancer","floor":47,"turns":3},{"damage":6,"enemies":"Transient","floor":48,"turns":1},{"damage":6,"enemies":"Donu and Deca","floor":50,"turns":3},{"damage":6,"enemies":"Time Eater","floor":51,"turns":3},{"damage":47,"enemies":"Shield and Spear","floor":55,"turns":3},{"damage":10,"enemies":"The Heart","floor":56,"turns":6}],"seed_played":"4351144512692607829","potions_obtained":[{"floor":1,"key":"Ancient Potion"},{"floor":5,"key":"EntropicBrew"},{"floor":7,"key":"BlessingOfTheForge"},{"floor":16,"key":"ColorlessPotion"},{"floor":23,"key":"Explosive Potion"},{"floor":33,"key":"LiquidBronze"},{"floor":35,"key":"Strength Potion"},{"floor":45,"key":"ElixirPotion"}],"is_trial":false,"path_per_floor":["M","?","M","?","M","E","M","M","T","R","E","R","M","$","R","B",null,"M","M","T","$","?","E","R","E","T","R","E","M","$","M","R","B",null,"M","T","$","M","M","E","M","E","T","$","M","$","E","M","R","B","B",null,"R","$","E","B",null],"character_chosen":"IRONCLAD","items_purchased":["Bronze Scales","TheAbacus","Feel No Pain","Entrench","Shrug It Off"],"campfire_rested":1,"item_purchase_floors":[14,21,30,37,54],"current_hp_per_floor":[67,67,71,71,75,46,36,41,41,41,47,47,52,52,52,21,62,56,50,50,50,50,40,40,46,46,46,41,37,37,43,43,39,66,59,59,59,68,75,75,69,57,57,57,54,54,57,60,60,63,66,73,75,75,37,36],"gold":68,"neow_bonus":"RANDOM_COMMON_RELIC","is_prod":false,"is_daily":false,"chose_seed":false,"campfire_upgraded":6,"win_rate":0,"timestamp":1633081654,"path_taken":["M","?","M","?","M","E","M","M","T","R","E","R","M","$","R","BOSS","M","M","?","?","?","E","R","E","T","R","E","M","$","M","R","BOSS","M","?","$","M","M","E","M","E","T","$","M","$","E","M","R","BOSS","BOSS","R","$","E","BOSS"],"build_version":"2020-12-22","purchased_purges":3,"victory":true,"max_hp_per_floor":[75,75,75,75,75,75,75,75,75,75,75,75,75,75,75,75,75,75,75,75,75,75,75,75,75,75,75,75,75,75,75,75,75,75,75,75,75,75,75,75,75,75,75,75,75,75,75,75,75,75,75,75,75,75,75,75],"card_choices":[{"not_picked":["Thunderclap","Perfected Strike"],"picked":"Carnage","floor":1},{"not_picked":["True Grit","Warcry","Havoc"],"picked":"SKIP","floor":3},{"not_picked":["Disarm","Flame Barrier"],"picked":"Pommel Strike","floor":5},{"not_picked":["Burning Pact","True Grit","Body Slam"],"picked":"SKIP","floor":6},{"not_picked":["Infernal Blade","Power Through"],"picked":"Anger","floor":7},{"not_picked":["Iron Wave","Infernal Blade"],"picked":"Whirlwind","floor":8},{"not_picked":["Feel No Pain","Flex","Body Slam"],"picked":"SKIP","floor":11},{"not_picked":["Perfected Strike","Body Slam"],"picked":"Shrug It Off","floor":13},{"not_picked":["Barricade","Limit Break"],"picked":"Corruption","floor":16},{"not_picked":["Warcry","Havoc","Thunderclap"],"picked":"SKIP","floor":18},{"not_picked":["Anger","Dark Embrace"],"picked":"Shockwave+1","floor":19},{"not_picked":["Infernal Blade","Twin Strike","Rupture"],"picked":"SKIP","floor":23},{"not_picked":["Warcry","Ghostly Armor+1"],"picked":"Dark Embrace","floor":25},{"not_picked":["Warcry","Burning Pact"],"picked":"Flame Barrier","floor":28},{"not_picked":["Blood for Blood+1","Hemokinesis+1"],"picked":"True Grit+1","floor":29},{"not_picked":["Wild Strike+1","Heavy Blade+1","Brutality"],"picked":"SKIP","floor":31},{"not_picked":["Limit Break","Brutality"],"picked":"Fiend Fire+1","floor":33},{"not_picked":["Clothesline+1","Headbutt+1"],"picked":"Shrug It Off","floor":35},{"not_picked":["Sword Boomerang+1","Power Through"],"picked":"Body Slam+1","floor":38},{"not_picked":["Infernal Blade","Blood for Blood+1","True Grit"],"picked":"SKIP","floor":39},{"not_picked":["True Grit+1","Sword Boomerang+1"],"picked":"Shockwave+1","floor":40},{"not_picked":["Sever Soul+1","Cleave+1"],"picked":"Offering","floor":41},{"not_picked":["Dark Embrace+1","Inflame+1"],"picked":"Sentinel","floor":42},{"not_picked":["Headbutt+1","Anger+1"],"picked":"Entrench","floor":45},{"not_picked":["Iron Wave+1","Cleave+1","Rampage+1"],"picked":"SKIP","floor":47},{"not_picked":["Second Wind","Intimidate"],"picked":"Flame Barrier","floor":48},{"not_picked":["Intimidate","Clothesline+1"],"picked":"Dropkick+1","floor":55}],"player_experience":1752085,"relics_obtained":[{"floor":6,"key":"Vajra"},{"floor":9,"key":"Tiny Chest"},{"floor":11,"key":"War Paint"},{"floor":20,"key":"PreservedInsect"},{"floor":23,"key":"CeramicFish"},{"floor":25,"key":"Molten Egg 2"},{"floor":26,"key":"Anchor"},{"floor":28,"key":"Ornamental Fan"},{"floor":36,"key":"Magic Flower"},{"floor":40,"key":"Lantern"},{"floor":42,"key":"StoneCalendar"},{"floor":47,"key":"Regal Pillow"},{"floor":55,"key":"Paper Frog"}],"event_choices":[{"cards_removed":["Strike_R"],"damage_healed":0,"gold_gain":0,"player_choice":"Card Removal","damage_taken":0,"max_hp_gain":0,"max_hp_loss":0,"event_name":"The Cleric","floor":2,"gold_loss":75},{"cards_removed":["Strike_R"],"damage_healed":0,"gold_gain":0,"player_choice":"Card Removal","damage_taken":0,"max_hp_gain":0,"max_hp_loss":0,"event_name":"Wheel of Change","floor":4,"gold_loss":0},{"damage_healed":0,"gold_gain":0,"cards_transformed":["Strike_R"],"player_choice":"Transformed","damage_taken":0,"max_hp_gain":0,"max_hp_loss":0,"event_name":"Transmorgrifier","floor":22,"gold_loss":0,"cards_obtained":["Sever Soul"]}],"is_beta":false,"boss_relics":[{"not_picked":["Tiny House","Velvet Choker"],"picked":"Runic Dome"},{"not_picked":["Black Blood","Sozu"],"picked":"Fusion Hammer"}],"items_purged_floors":[30,44,46],"is_endless":false,"potions_floor_spawned":[1,5,7,8,16,23,25,28,29,33,35,41,45,48],"ascension_level":20}