{"gold_per_floor":[12,28,28,44,55,55,83,83,83,94,127,140,157,174,174,250,250,266,266,283,253,270,289,289,314,314,349,369,30,49,62,62,141,141,154,154,166,85,98,98,98],"floor_reached":41,"playtime":5983,"items_purged":["Pain"],"score":902,"play_id":"7dadf494-7707-4113-99bd-407dbf475988","local_time":"20211111210030","is_ascension_mode":true,"campfire_choices":[{"data":"Bash","floor":6.0,"key":"SMITH"},{"data":"Wild Strike","floor":8.0,"key":"SMITH"},{"data":"Flame Barrier","floor":15.0,"key":"SMITH"},{"data":"RitualDagger","floor":24.0,"key":"SMITH"},{"data":"Pommel Strike","floor":32,"key":"SMITH"},{"data":"Evolve","floor":40,"key":"SMITH"}],"neow_cost":"NO_GOLD","seed_source_timestamp":8377024268504700,"circlet_count":0,"master_deck":["AscendersBane","Strike_R","Strike_R","Defend_R","Defend_R","Defend_R","Bash+1","Clothesline","Wild Strike+1","Anger","Evolve+1","Reckless Charge","Pommel Strike+1","Flame Barrier+1","Impervious","Pommel Strike+1","RitualDagger+1","Shrug It Off","Rage+1","Dark Embrace+1","Offering","Burning Pact+1","Fire Breathing+1","Twin Strike+1","Dual Wield","Pommel Strike+1","Battle Trance","Bloodletting+1"],"special_seed":0,"relics":["Burning Blood","Turnip","WarpedTongs","Singing Bowl","Meat on the Bone","Bag of Marbles","Philosopher\u0027s Stone","Potion Belt","InkBottle","Gremlin Horn","Pantograph","Astrolabe"],"potions_floor_usage":[],"damage_taken":[{"damage":0.0,"enemies":"Small Slimes","floor":1.0,"turns":4.0},{"damage":0.0,"enemies":"Cultist","floor":2.0,"turns":4.0},{"damage":2.0,"enemies":"2 Louse","floor":4.0,"turns":2.0},{"damage":11.0,"enemies":"Looter","floor":5.0,"turns":3.0},{"damage":11.0,"enemies":"Gremlin Nob","floor":7.0,"turns":3.0},{"damage":14.0,"enemies":"Exordium Thugs","floor":10.0,"turns":4.0},{"damage":33.0,"enemies":"Lagavulin","floor":11.0,"turns":5.0},{"damage":4.0,"enemies":"3 Louse","floor":12.0,"turns":3.0},{"damage":9.0,"enemies":"Blue Slaver","floor":13.0,"turns":3.0},{"damage":0.0,"enemies":"2 Fungi Beasts","floor":14.0,"turns":1.0},{"damage":41.0,"enemies":"The Guardian","floor":16.0,"turns":10.0},{"damage":27.0,"enemies":"Shell Parasite","floor":18.0,"turns":5.0},{"damage":23.0,"enemies":"2 Thieves","floor":20.0,"turns":4.0},{"damage":18.0,"enemies":"Snecko","floor":22.0,"turns":5.0},{"damage":2.0,"enemies":"Snake Plant","floor":23.0,"turns":4.0},{"damage":55.0,"enemies":"Book of Stabbing","floor":25.0,"turns":5.0},{"damage":22.0,"enemies":"Gremlin Leader","floor":27.0,"turns":5.0},{"damage":14.0,"enemies":"Centurion and Healer","floor":28.0,"turns":8.0},{"damage":14,"enemies":"Sentry and Sphere","floor":30,"turns":4},{"damage":0,"enemies":"3 Cultists","floor":31,"turns":4},{"damage":59,"enemies":"Collector","floor":33,"turns":12},{"damage":1,"enemies":"Orb Walker","floor":35,"turns":2},{"damage":9,"enemies":"3 Shapes","floor":37,"turns":4},{"damage":34,"enemies":"Writhing Mass","floor":39,"turns":9},{"damage":38,"enemies":"Giant Head","floor":41,"turns":6}],"seed_played":"6503931960555398566","potions_obtained":[{"floor":1.0,"key":"EssenceOfSteel"},{"floor":5.0,"key":"Fire Potion"},{"floor":11.0,"key":"SmokeBomb"},{"floor":12.0,"key":"Weak Potion"},{"floor":20.0,"key":"PowerPotion"},{"floor":21.0,"key":"FearPotion"},{"floor":25.0,"key":"ElixirPotion"},{"floor":30,"key":"SpeedPotion"},{"floor":37,"key":"HeartOfIron"}],"is_trial":false,"path_per_floor":["M","M","?","M","M","R","E","R","T","M","E","M","M","M","R","B",null,"M","?","M","?","M","M","R","E","T","E","M","$","M","M","R","B",null,"M","?","M","$","M","R","E"],"character_chosen":"IRONCLAD","items_purchased":["Pantograph","Battle Trance"],"campfire_rested":0,"item_purchase_floors":[29,38],"current_hp_per_floor":[74,75,75,75,70,70,65,65,65,59,44,46,57,65,65,42,71,50,44,41,41,43,61,61,24,24,22,26,26,32,50,50,34,77,82,82,79,79,63,63,25],"gold":98,"neow_bonus":"ONE_RARE_RELIC","is_prod":false,"is_daily":false,"chose_seed":false,"campfire_upgraded":6,"win_rate":0,"timestamp":1636686030,"path_taken":["M","M","?","M","?","R","E","R","T","M","E","M","M","M","R","BOSS","M","?","M","?","M","M","R","E","T","E","M","$","?","M","R","BOSS","M","?","M","$","M","R","E"],"build_version":"2020-12-22","purchased_purges":1,"victory":false,"max_hp_per_floor":[75,75,75,75,75,75,75,75,75,77,77,77,79,81,81,81,81,81,81,83,83,85,87,87,87,87,89,89,89,91,91,91,91,91,91,91,91,91,91,91,91],"card_choices":[{"not_picked":["Thunderclap","Sword Boomerang"],"picked":"Clothesline","floor":1.0},{"not_picked":["Armaments","Sword Boomerang"],"picked":"Wild Strike","floor":2.0},{"not_picked":["Twin Strike","Armaments"],"picked":"Anger","floor":4.0},{"not_picked":["Entrench","Heavy Blade"],"picked":"Evolve","floor":5.0},{"not_picked":["Rampage","Bludgeon"],"picked":"Reckless Charge","floor":7.0},{"not_picked":["Intimidate","Blood for Blood","Heavy Blade"],"picked":"Singing Bowl","floor":10.0},{"not_picked":["Rampage","True Grit"],"picked":"Pommel Strike","floor":11.0},{"not_picked":["Ghostly Armor","Combust"],"picked":"Flame Barrier","floor":12.0},{"not_picked":["Clash","Thunderclap","Clothesline"],"picked":"Singing Bowl","floor":13.0},{"not_picked":["Thunderclap","True Grit","Twin Strike"],"picked":"Singing Bowl","floor":14.0},{"not_picked":["Barricade","Bludgeon"],"picked":"Impervious","floor":16.0},{"not_picked":["Thunderclap","Hemokinesis"],"picked":"Pommel Strike+1","floor":18.0},{"not_picked":["Anger","Twin Strike","Iron Wave+1"],"picked":"Singing Bowl","floor":20.0},{"not_picked":["Infernal Blade","Thunderclap","Hemokinesis"],"picked":"Singing Bowl","floor":22.0},{"not_picked":["Body Slam","Headbutt","Wild Strike"],"picked":"Singing Bowl","floor":23.0},{"not_picked":["Hemokinesis","Reckless Charge"],"picked":"Shrug It Off","floor":25.0},{"not_picked":["Heavy Blade","Sever Soul+1","Headbutt"],"picked":"Singing Bowl","floor":27.0},{"not_picked":["Wild Strike","Body Slam"],"picked":"Rage+1","floor":28.0},{"not_picked":["Havoc","Metallicize","Whirlwind"],"picked":"Singing Bowl","floor":30},{"not_picked":["Bludgeon","Clothesline+1"],"picked":"Dark Embrace+1","floor":31},{"not_picked":["Fiend Fire","Immolate"],"picked":"Offering","floor":33},{"not_picked":["Warcry","Headbutt+1"],"picked":"Dual Wield","floor":35},{"not_picked":["Clash+1","Heavy Blade"],"picked":"Pommel Strike+1","floor":37},{"not_picked":["Iron Wave","Pommel Strike"],"picked":"Bloodletting+1","floor":39}],"player_experience":2398139,"relics_obtained":[{"floor":7.0,"key":"Singing Bowl"},{"floor":9.0,"key":"Meat on the Bone"},{"floor":11.0,"key":"Bag of Marbles"},{"floor":25.0,"key":"Potion Belt"},{"floor":26.0,"key":"InkBottle"},{"floor":27.0,"key":"Gremlin Horn"}],"event_choices":[{"damage_healed":0.0,"max_hp_gain":0.0,"max_hp_loss":0.0,"gold_gain":0.0,"event_name":"Accursed Blacksmith","player_choice":"Rummage","floor":3.0,"gold_loss":0.0,"damage_taken":0.0,"relics_obtained":["WarpedTongs"],"cards_obtained":["Pain"]},{"damage_healed":0.0,"max_hp_gain":0.0,"max_hp_loss":0.0,"gold_gain":0.0,"event_name":"Nest","player_choice":"Joined the Cult","floor":19.0,"gold_loss":0.0,"damage_taken":6.0,"cards_obtained":["RitualDagger"]},{"damage_healed":0.0,"max_hp_gain":0.0,"max_hp_loss":0.0,"gold_gain":0.0,"event_name":"The Woman in Blue","player_choice":"Bought 2 Potions","floor":21.0,"gold_loss":0.0,"damage_taken":0.0},{"cards_removed":["Defend_R"],"damage_healed":0,"gold_gain":0,"player_choice":"Removed Skill","damage_taken":0,"max_hp_gain":0,"max_hp_loss":0,"event_name":"Falling","floor":36,"gold_loss":0}],"is_beta":false,"boss_relics":[{"not_picked":["SacredBark","Ectoplasm"],"picked":"Philosopher\u0027s Stone"},{"not_picked":["Busted Crown","Calling Bell"],"picked":"Astrolabe"}],"items_purged_floors":[29],"is_endless":false,"potions_floor_spawned":[1,5,11,12,14,18,20,22,25,30,37],"killed_by":"Giant Head","ascension_level":20}