{"gold_per_floor":[118,135,155,26,40,71,121,146,192,29,56,56,56,76,76,149,149,124],"floor_reached":18,"playtime":1095,"items_purged":["Injury"],"score":389,"play_id":"9d5ba35b-abe3-4197-9183-f89800a11d37","local_time":"20211110182944","is_ascension_mode":true,"campfire_choices":[{"data":"Armaments","floor":13,"key":"SMITH"},{"floor":15,"key":"REST"}],"neow_cost":"CURSE","seed_source_timestamp":8286561978772300,"circlet_count":0,"master_deck":["AscendersBane","Strike_R","Strike_R","Strike_R+1","Strike_R","Strike_R","Defend_R","Defend_R","Defend_R","Defend_R","Bash+1","Feed","Pommel Strike","Armaments+1","Anger","Wild Strike","Immolate"],"special_seed":0,"relics":["Burning Blood","Self Forming Clay","Matryoshka","Regal Pillow","Oddly Smooth Stone","Whetstone","Gremlin Horn","Philosopher\u0027s Stone"],"potions_floor_usage":[8,11,14],"damage_taken":[{"damage":6.0,"enemies":"Cultist","floor":1.0,"turns":3.0},{"damage":2.0,"enemies":"2 Louse","floor":2.0,"turns":4.0},{"damage":9.0,"enemies":"Jaw Worm","floor":3.0,"turns":5.0},{"damage":10.0,"enemies":"Gremlin Gang","floor":5.0,"turns":5.0},{"damage":25.0,"enemies":"Lagavulin","floor":6.0,"turns":7.0},{"damage":8,"enemies":"Gremlin Nob","floor":8,"turns":3},{"damage":15,"enemies":"Lagavulin","floor":11,"turns":7},{"damage":26,"enemies":"Exordium Thugs","floor":14,"turns":6},{"damage":68,"enemies":"Slime Boss","floor":16,"turns":16},{"damage":18,"enemies":"2 Thieves","floor":18,"turns":4}],"seed_played":"-3695518349750989155","potions_obtained":[{"floor":2.0,"key":"LiquidMemories"},{"floor":6.0,"key":"SkillPotion"},{"floor":11,"key":"Explosive Potion"},{"floor":18,"key":"LiquidBronze"}],"is_trial":false,"path_per_floor":["M","M","M","$","M","E","?","E","T","$","E","?","R","M","R","B",null,"M"],"character_chosen":"IRONCLAD","items_purchased":["Fire Potion","Whetstone"],"campfire_rested":1,"item_purchase_floors":[4,10],"current_hp_per_floor":[71,78,79,79,78,59,51,52,52,52,43,43,43,26,69,10,75,63],"gold":124,"neow_bonus":"THREE_RARE_CARDS","is_prod":false,"is_daily":false,"chose_seed":false,"campfire_upgraded":1,"win_rate":0,"timestamp":1636590584,"path_taken":["M","M","?","$","M","E","?","E","T","?","E","?","R","M","R","BOSS","M"],"build_version":"2020-12-22","purchased_purges":1,"victory":false,"max_hp_per_floor":[78,81,85,85,88,88,88,91,91,91,91,91,91,94,94,97,97,97],"card_choices":[{"not_picked":["Barricade","Demon Form"],"picked":"Feed","floor":0.0},{"not_picked":["Feel No Pain","Thunderclap"],"picked":"Pommel Strike","floor":1.0},{"not_picked":["Iron Wave","Pommel Strike"],"picked":"Armaments","floor":2.0},{"not_picked":["Iron Wave","Headbutt"],"picked":"Anger","floor":3.0},{"not_picked":["Entrench","Heavy Blade"],"picked":"Wild Strike","floor":5.0},{"not_picked":["Armaments","Body Slam","Berserk"],"picked":"SKIP","floor":6.0},{"not_picked":["Wild Strike","Havoc","Iron Wave"],"picked":"SKIP","floor":8},{"not_picked":["Sentinel","Exhume","Headbutt"],"picked":"SKIP","floor":11},{"not_picked":["Wild Strike","Headbutt","Iron Wave"],"picked":"SKIP","floor":14},{"not_picked":["Brutality","Barricade"],"picked":"Immolate","floor":16}],"player_experience":2388535,"relics_obtained":[{"floor":6.0,"key":"Self Forming Clay"},{"floor":8,"key":"Matryoshka"},{"floor":9,"key":"Regal Pillow"},{"floor":9,"key":"Oddly Smooth Stone"},{"floor":11,"key":"Gremlin Horn"}],"event_choices":[{"damage_healed":0,"gold_gain":50,"player_choice":"Touch","damage_taken":8,"max_hp_gain":0,"max_hp_loss":0,"event_name":"FaceTrader","floor":7,"gold_loss":0},{"damage_healed":0,"gold_gain":0,"player_choice":"0 cards matched","damage_taken":0,"max_hp_gain":0,"max_hp_loss":0,"event_name":"Match and Keep!","floor":12,"gold_loss":0,"cards_obtained":[]}],"is_beta":false,"boss_relics":[{"not_picked":["Black Star","SlaversCollar"],"picked":"Philosopher\u0027s Stone"}],"items_purged_floors":[4],"is_endless":false,"potions_floor_spawned":[2,6,11,18],"killed_by":"2 Thieves","ascension_level":20}