{"gold_per_floor":[111,124,124,124,137,148,166,201,201,62,93,93,109,123,123,200,200,211,211,211,211],"floor_reached":21,"playtime":972,"items_purged":[],"score":407,"play_id":"3e66a092-bea3-4561-97e6-92fbbd5418b2","local_time":"20211109172020","is_ascension_mode":true,"campfire_choices":[{"data":"Armaments","floor":12,"key":"SMITH"},{"data":"Shockwave","floor":15,"key":"SMITH"}],"neow_cost":"NONE","seed_source_timestamp":8196133856277700,"circlet_count":0,"master_deck":["AscendersBane","Strike_R","Strike_R","Strike_R+1","Strike_R","Defend_R","Defend_R","Defend_R","Defend_R","Bash","Spot Weakness+1","Sword Boomerang","Spot Weakness","Corruption","Armaments+1","Feel No Pain","True Grit","Shockwave+1","Ghostly Armor","Offering","Infernal Blade"],"relics":["Burning Blood","Potion Belt","Charon\u0027s Ashes","Mango","SlaversCollar","Nilry\u0027s Codex"],"potions_floor_usage":[8,8,14],"damage_taken":[{"damage":5,"enemies":"Small Slimes","floor":1,"turns":4},{"damage":4,"enemies":"2 Louse","floor":2,"turns":3},{"damage":7,"enemies":"Jaw Worm","floor":5,"turns":2},{"damage":18,"enemies":"Exordium Thugs","floor":6,"turns":3},{"damage":19,"enemies":"3 Louse","floor":7,"turns":4},{"damage":15,"enemies":"3 Sentries","floor":8,"turns":5},{"damage":14,"enemies":"Lagavulin","floor":11,"turns":5},{"damage":8,"enemies":"Blue Slaver","floor":13,"turns":4},{"damage":7,"enemies":"Red Slaver","floor":14,"turns":4},{"damage":25,"enemies":"Hexaghost","floor":16,"turns":9},{"damage":22,"enemies":"2 Thieves","floor":18,"turns":3},{"damage":6,"enemies":"Chosen","floor":21,"turns":5}],"seed_played":"-3243232891934425976","potions_obtained":[{"floor":2,"key":"AttackPotion"},{"floor":6,"key":"LiquidMemories"},{"floor":11,"key":"DistilledChaos"},{"floor":13,"key":"SpeedPotion"},{"floor":14,"key":"BlessingOfTheForge"},{"floor":18,"key":"Strength Potion"}],"is_trial":false,"path_per_floor":["M","M","?","?","M","M","M","E","T","$","E","R","M","M","R","B",null,"M","?","?","M"],"character_chosen":"IRONCLAD","items_purchased":["Feel No Pain","True Grit"],"campfire_rested":0,"item_purchase_floors":[10,10],"current_hp_per_floor":[76,78,53,80,79,67,54,45,45,45,51,51,49,48,48,29,79,63,42,42,36],"gold":211,"neow_bonus":"TEN_PERCENT_HP_BONUS","is_prod":false,"is_daily":false,"chose_seed":false,"campfire_upgraded":2,"win_rate":0,"timestamp":1636500020,"path_taken":["M","M","?","?","M","M","M","E","T","?","E","R","?","M","R","BOSS","M","?","?","?"],"build_version":"2020-12-22","purchased_purges":0,"victory":false,"max_hp_per_floor":[82,82,82,82,82,82,82,82,82,82,96,96,96,96,96,96,96,96,96,96,96],"card_choices":[{"not_picked":["Perfected Strike","Warcry"],"picked":"Spot Weakness","floor":1},{"not_picked":["Bloodletting","Armaments"],"picked":"Sword Boomerang","floor":2},{"not_picked":["Thunderclap","Heavy Blade"],"picked":"Spot Weakness","floor":5},{"not_picked":["Anger","Heavy Blade"],"picked":"Corruption","floor":6},{"not_picked":["Sentinel","Thunderclap","Entrench"],"picked":"SKIP","floor":7},{"not_picked":["Body Slam","Flex"],"picked":"Armaments","floor":8},{"not_picked":["Uppercut","Power Through"],"picked":"Shockwave","floor":11},{"not_picked":["Flex","Armaments"],"picked":"Ghostly Armor","floor":13},{"not_picked":["Dropkick","Sword Boomerang","Perfected Strike"],"picked":"SKIP","floor":14},{"not_picked":["Exhume","Barricade"],"picked":"Offering","floor":16},{"not_picked":["Thunderclap","Fire Breathing"],"picked":"Infernal Blade","floor":18}],"player_experience":2381396,"relics_obtained":[{"floor":8,"key":"Potion Belt"},{"floor":9,"key":"Charon\u0027s Ashes"},{"floor":11,"key":"Mango"},{"floor":19,"key":"Nilry\u0027s Codex"}],"event_choices":[{"damage_healed":0,"gold_gain":0,"player_choice":"Entered Light","damage_taken":25,"max_hp_gain":0,"max_hp_loss":0,"event_name":"Shining Light","floor":3,"gold_loss":0,"cards_upgraded":["Strike_R","Spot Weakness"]},{"damage_healed":27,"gold_gain":0,"player_choice":"Banana","damage_taken":0,"max_hp_gain":0,"max_hp_loss":0,"event_name":"Big Fish","floor":4,"gold_loss":0},{"damage_healed":0,"gold_gain":0,"player_choice":"Obtained Book","damage_taken":21,"max_hp_gain":0,"max_hp_loss":0,"event_name":"Cursed Tome","floor":19,"gold_loss":0},{"cards_removed":["Strike_R"],"damage_healed":0,"gold_gain":0,"player_choice":"Purged","damage_taken":0,"max_hp_gain":0,"max_hp_loss":0,"event_name":"Purifier","floor":20,"gold_loss":0}],"is_beta":false,"boss_relics":[{"not_picked":["Tiny House","Black Star"],"picked":"SlaversCollar"}],"items_purged_floors":[],"is_endless":false,"potions_floor_spawned":[2,6,11,13,14,18],"killed_by":"Chosen","ascension_level":20}