{"gold_per_floor":[367,380,50,50,50,81,81,92,92,92,126,38,64,81,81,158,158,175,175,90,102,102,137,154,154,154,189,208,243,259,41,41,113,113,124,64,112,112,124,156,156,182,182,182,195,224,61,72,72,72,72,72,72,32,65,65],"floor_reached":57,"playtime":3662,"items_purged":["Strike_R","Anger"],"score":3032,"play_id":"f4b4a73c-f39d-4ac0-9444-de89d7203ab5","local_time":"20211114002311","is_ascension_mode":true,"campfire_choices":[{"data":"Uppercut","floor":7.0,"key":"SMITH"},{"data":"Metallicize","floor":10.0,"key":"SMITH"},{"data":"Brutality","floor":15.0,"key":"SMITH"},{"data":"1","floor":32.0,"key":"LIFT"},{"data":"2","floor":41,"key":"LIFT"},{"floor":49,"key":"RECALL"},{"data":"3","floor":53,"key":"LIFT"}],"neow_cost":"TEN_PERCENT_HP_LOSS","seed_source_timestamp":0,"circlet_count":0,"master_deck":["AscendersBane","Strike_R","Strike_R","Strike_R","Strike_R","Defend_R","Defend_R","Defend_R","Defend_R","Clothesline","Metallicize+1","Infernal Blade","Brutality+1","Uppercut+1","Spot Weakness","Inflame","Pummel","Shrug It Off","Feed","RitualDagger","Necronomicurse","Heavy Blade","Battle Trance","Battle Trance","Shrug It Off","Dark Embrace","Shrug It Off","Second Wind","Heavy Blade+1","Armaments+1","True Grit","Burning Pact","Impervious","Shrug It Off","Flame Barrier+1"],"special_seed":0,"relics":["Burning Blood","Charon\u0027s Ashes","Singing Bowl","Mummified Hand","Bottled Flame","PreservedInsect","Coffee Dripper","Pear","Necronomicon","Letter Opener","Anchor","Girya","The Courier","Frozen Egg 2","Snecko Eye","Torii","MealTicket","Bag of Preparation","HornCleat","Paper Frog"],"potions_floor_usage":[42,50,56],"damage_taken":[{"damage":5.0,"enemies":"Small Slimes","floor":1.0,"turns":4.0},{"damage":6.0,"enemies":"Cultist","floor":2.0,"turns":3.0},{"damage":8.0,"enemies":"Gremlin Nob","floor":6.0,"turns":3.0},{"damage":3.0,"enemies":"2 Louse","floor":8.0,"turns":2.0},{"damage":22.0,"enemies":"Lagavulin","floor":11.0,"turns":6.0},{"damage":8.0,"enemies":"Gremlin Nob","floor":13.0,"turns":3.0},{"damage":0.0,"enemies":"2 Fungi Beasts","floor":14.0,"turns":2.0},{"damage":10.0,"enemies":"Hexaghost","floor":16.0,"turns":8.0},{"damage":18.0,"enemies":"3 Byrds","floor":18.0,"turns":4.0},{"damage":3.0,"enemies":"Chosen","floor":21.0,"turns":4.0},{"damage":23.0,"enemies":"Slavers","floor":23.0,"turns":4.0},{"damage":16.0,"enemies":"Centurion and Healer","floor":24.0,"turns":6.0},{"damage":15.0,"enemies":"Book of Stabbing","floor":27.0,"turns":3.0},{"damage":9.0,"enemies":"3 Cultists","floor":28.0,"turns":4.0},{"damage":1.0,"enemies":"Slavers","floor":29.0,"turns":2.0},{"damage":7.0,"enemies":"Snecko","floor":30.0,"turns":3.0},{"damage":31,"enemies":"Champ","floor":33,"turns":6},{"damage":12,"enemies":"3 Shapes","floor":35,"turns":4},{"damage":29,"enemies":"2 Orb Walkers","floor":37,"turns":4},{"damage":0,"enemies":"Orb Walker","floor":39,"turns":3},{"damage":3,"enemies":"Giant Head","floor":40,"turns":4},{"damage":11,"enemies":"Reptomancer","floor":42,"turns":3},{"damage":2,"enemies":"Spire Growth","floor":45,"turns":3},{"damage":2,"enemies":"Nemesis","floor":46,"turns":3},{"damage":3,"enemies":"Sphere and 2 Shapes","floor":48,"turns":4},{"damage":35,"enemies":"Time Eater","floor":50,"turns":8},{"damage":49,"enemies":"Awakened One","floor":51,"turns":7},{"damage":6,"enemies":"Shield and Spear","floor":55,"turns":6},{"damage":75,"enemies":"The Heart","floor":56,"turns":7}],"seed_played":"7157852588512625330","potions_obtained":[{"floor":1.0,"key":"ElixirPotion"},{"floor":6.0,"key":"BloodPotion"},{"floor":11.0,"key":"AttackPotion"},{"floor":14.0,"key":"Swift Potion"},{"floor":21.0,"key":"ElixirPotion"},{"floor":33,"key":"Energy Potion"},{"floor":39,"key":"HeartOfIron"},{"floor":46,"key":"BlessingOfTheForge"}],"is_trial":false,"path_per_floor":["M","M","$","?","$","E","R","M","T","R","E","$","E","M","R","B",null,"M","?","?","M","?","E","M","?","T","E","M","E","M","$","R","B",null,"M","$","?","?","M","E","R","E","T","?","M","E","$","M","R","B","B",null,"R","$","E","B",null],"character_chosen":"IRONCLAD","items_purchased":["Charon\u0027s Ashes","Inflame","Frozen Egg 2","True Grit","Burning Pact","Shrug It Off"],"campfire_rested":0,"item_purchase_floors":[3,12,31,47,47,54],"current_hp_per_floor":[68,68,68,68,68,66,66,70,70,70,54,54,52,58,58,54,66,59,53,63,85,64,50,40,40,40,31,31,36,38,38,38,15,77,76,76,58,60,69,74,74,71,71,71,77,81,96,102,102,73,30,99,99,114,114,45],"gold":65,"neow_bonus":"TWO_FIFTY_GOLD","is_prod":false,"is_daily":false,"chose_seed":false,"campfire_upgraded":3,"win_rate":0,"timestamp":1636870991,"path_taken":["M","M","$","?","?","E","R","M","T","R","E","$","E","M","R","BOSS","M","?","?","M","?","E","M","?","T","E","M","E","M","$","R","BOSS","M","$","?","?","M","E","R","E","T","?","M","E","?","M","R","BOSS","BOSS","R","$","E","BOSS"],"build_version":"2020-12-22","purchased_purges":2,"victory":true,"max_hp_per_floor":[68,68,68,68,68,68,68,70,70,70,70,70,70,70,70,70,70,75,75,85,87,87,90,90,90,90,90,93,93,96,96,96,98,98,103,103,108,110,113,115,115,117,117,117,119,119,119,122,122,122,122,122,122,122,122,122],"card_choices":[{"not_picked":["Reckless Charge","Headbutt"],"picked":"Clothesline","floor":1.0},{"not_picked":["Clothesline","Body Slam"],"picked":"Metallicize","floor":2.0},{"not_picked":["Hemokinesis","Wild Strike"],"picked":"Uppercut","floor":6.0},{"not_picked":["Warcry","Perfected Strike","Inflame"],"picked":"Singing Bowl","floor":8.0},{"not_picked":["Juggernaut","Dropkick"],"picked":"Spot Weakness","floor":11.0},{"not_picked":["Infernal Blade","Cleave"],"picked":"Pummel","floor":13.0},{"not_picked":["Wild Strike","Perfected Strike"],"picked":"Shrug It Off","floor":14.0},{"not_picked":["Limit Break","Exhume"],"picked":"Feed","floor":16.0},{"not_picked":["Havoc","Rage+1","Thunderclap"],"picked":"Singing Bowl","floor":18.0},{"not_picked":["Flex","Sword Boomerang","Anger"],"picked":"Singing Bowl","floor":21.0},{"not_picked":["Limit Break","Rage"],"picked":"Heavy Blade","floor":23.0},{"not_picked":["Fire Breathing","Dark Embrace"],"picked":"Battle Trance","floor":24.0},{"not_picked":["Rupture","Havoc"],"picked":"Shrug It Off","floor":27.0},{"not_picked":["Pommel Strike","Metallicize"],"picked":"Dark Embrace","floor":28.0},{"not_picked":["Entrench","Hemokinesis"],"picked":"Shrug It Off","floor":29.0},{"not_picked":["Anger","Sword Boomerang"],"picked":"Second Wind","floor":30.0},{"not_picked":["Double Tap","Bludgeon","Feed"],"picked":"Singing Bowl","floor":33},{"not_picked":["Bloodletting","Pummel","Clash"],"picked":"Singing Bowl","floor":35},{"not_picked":["Flex","Clash","Second Wind"],"picked":"Singing Bowl","floor":37},{"not_picked":["Dark Shackles","The Bomb","HandOfGreed"],"picked":"Singing Bowl","floor":38},{"not_picked":["Cleave","Armaments"],"picked":"Heavy Blade+1","floor":39},{"not_picked":["Havoc","Wild Strike","Dark Embrace+1"],"picked":"Singing Bowl","floor":40},{"not_picked":["Carnage+1","Body Slam+1","Iron Wave"],"picked":"Singing Bowl","floor":42},{"not_picked":["Cleave+1","Carnage","Clothesline"],"picked":"Singing Bowl","floor":45},{"not_picked":["Warcry","Sword Boomerang"],"picked":"Armaments+1","floor":46},{"not_picked":["Perfected Strike","Twin Strike"],"picked":"Impervious","floor":48},{"not_picked":["Shrug It Off+1","Armaments+1"],"picked":"Flame Barrier+1","floor":55}],"player_experience":2417098,"relics_obtained":[{"floor":6.0,"key":"Singing Bowl"},{"floor":9.0,"key":"Mummified Hand"},{"floor":11.0,"key":"Bottled Flame"},{"floor":13.0,"key":"PreservedInsect"},{"floor":22.0,"key":"Necronomicon"},{"floor":23.0,"key":"Letter Opener"},{"floor":26.0,"key":"Anchor"},{"floor":27.0,"key":"Girya"},{"floor":29.0,"key":"The Courier"},{"floor":37,"key":"Torii"},{"floor":40,"key":"MealTicket"},{"floor":42,"key":"Bag of Preparation"},{"floor":46,"key":"HornCleat"},{"floor":55,"key":"Paper Frog"}],"event_choices":[{"damage_healed":0.0,"max_hp_gain":0.0,"max_hp_loss":0.0,"gold_gain":0.0,"event_name":"Match and Keep!","player_choice":"3 cards matched","floor":4.0,"gold_loss":0.0,"damage_taken":0.0,"cards_obtained":["Infernal Blade","Anger","Brutality"]},{"damage_healed":0.0,"max_hp_gain":0.0,"max_hp_loss":0.0,"gold_gain":0.0,"event_name":"Nest","player_choice":"Joined the Cult","floor":19.0,"gold_loss":0.0,"damage_taken":6.0,"cards_obtained":["RitualDagger"]},{"damage_healed":0.0,"max_hp_gain":0.0,"max_hp_loss":0.0,"gold_gain":0.0,"event_name":"Addict","player_choice":"Obtained Relic","floor":20.0,"gold_loss":85.0,"damage_taken":0.0,"relics_obtained":["Pear"]},{"damage_healed":0.0,"max_hp_gain":0.0,"max_hp_loss":0.0,"gold_gain":0.0,"event_name":"Cursed Tome","player_choice":"Obtained Book","floor":22.0,"gold_loss":0.0,"damage_taken":21.0},{"damage_healed":0.0,"max_hp_gain":0.0,"max_hp_loss":0.0,"gold_gain":0.0,"event_name":"Match and Keep!","player_choice":"1 cards matched","floor":25.0,"gold_loss":0.0,"damage_taken":0.0,"cards_obtained":["Battle Trance"]},{"damage_healed":0,"gold_gain":0,"player_choice":"Fight","damage_taken":0,"max_hp_gain":0,"max_hp_loss":0,"event_name":"Mysterious Sphere","floor":37,"gold_loss":0},{"damage_healed":0,"gold_gain":0,"player_choice":"Memory 1","damage_taken":0,"max_hp_gain":0,"max_hp_loss":0,"event_name":"SensoryStone","floor":38,"gold_loss":0},{"cards_removed":["Bash"],"damage_healed":0,"gold_gain":0,"player_choice":"Removed Attack","damage_taken":0,"max_hp_gain":0,"max_hp_loss":0,"event_name":"Falling","floor":44,"gold_loss":0}],"is_beta":false,"boss_relics":[{"not_picked":["Astrolabe","Empty Cage"],"picked":"Coffee Dripper"},{"not_picked":["Pandora\u0027s Box","Tiny House"],"picked":"Snecko Eye"}],"items_purged_floors":[36,47],"is_endless":false,"potions_floor_spawned":[1,6,11,14,21,28,30,33,37,39,40,46],"ascension_level":20}