{"gold_per_floor":[209,221,221,221,231,265,265,294,320,343,361,361,383,409,409,488,488,503,418,429,104,104,104,129,129,129,162,172,172,203,253,253,326,326,343,355,374,374,392,426,426,451,474,161,174,224,249,266,266,266,266,266,266,14,44,44],"floor_reached":57,"playtime":3082,"items_purged":["Strike_R","Strike_R"],"score":2847,"play_id":"25e71bb2-9ff5-4ea6-908c-1c347902ac47","local_time":"20211112134831","is_ascension_mode":true,"campfire_choices":[{"data":"Bash","floor":7.0,"key":"SMITH"},{"data":"Clothesline","floor":12.0,"key":"SMITH"},{"data":"Whirlwind","floor":15.0,"key":"SMITH"},{"data":"Inflame","floor":23.0,"key":"SMITH"},{"data":"Shockwave","floor":25.0,"key":"SMITH"},{"data":"Pommel Strike","floor":32,"key":"SMITH"},{"data":"Armaments","floor":41,"key":"SMITH"},{"floor":49,"key":"RECALL"},{"data":"1","floor":53,"key":"LIFT"}],"neow_cost":"NONE","seed_source_timestamp":8440473450240400,"circlet_count":0,"master_deck":["AscendersBane","Strike_R","Strike_R","Defend_R","Defend_R+1","Defend_R","Defend_R","Bash+1","Iron Wave","Rampage","Pommel Strike","Headbutt","Sword Boomerang","Clothesline+1","Pommel Strike","Whirlwind+1","Shockwave+1","Reaper","Inflame+1","Impervious","Pommel Strike+1","Flex+1","Flame Barrier+1","Limit Break","Disarm","Dropkick","Armaments+1","Seeing Red","Seeing Red","Shrug It Off+1","Flex+1","Corruption"],"special_seed":0,"relics":["Burning Blood","Boot","Strawberry","Red Skull","Centennial Puzzle","Odd Mushroom","PreservedInsect","Coffee Dripper","Potion Belt","Anchor","Bag of Marbles","Bottled Tornado","TungstenRod","Enchiridion","Lantern","Runic Pyramid","War Paint","Letter Opener","Dream Catcher","Membership Card","Girya","Bird Faced Urn","Pantograph","Nunchaku","FossilizedHelix"],"potions_floor_usage":[33,50,55,56,56,56],"damage_taken":[{"damage":14.0,"enemies":"Jaw Worm","floor":1.0,"turns":4.0},{"damage":2.0,"enemies":"2 Louse","floor":2.0,"turns":4.0},{"damage":7.0,"enemies":"Small Slimes","floor":5.0,"turns":3.0},{"damage":20.0,"enemies":"Gremlin Nob","floor":6.0,"turns":4.0},{"damage":30.0,"enemies":"3 Sentries","floor":8.0,"turns":8.0},{"damage":9.0,"enemies":"3 Louse","floor":11.0,"turns":3.0},{"damage":16.0,"enemies":"The Mushroom Lair","floor":13.0,"turns":3.0},{"damage":6.0,"enemies":"Gremlin Nob","floor":14.0,"turns":3.0},{"damage":0.0,"enemies":"Slime Boss","floor":16.0,"turns":7.0},{"damage":21.0,"enemies":"Shell Parasite","floor":18.0,"turns":4.0},{"damage":20.0,"enemies":"Spheric Guardian","floor":20.0,"turns":4.0},{"damage":19.0,"enemies":"Book of Stabbing","floor":24.0,"turns":4.0},{"damage":15.0,"enemies":"Slavers","floor":27.0,"turns":6.0},{"damage":22.0,"enemies":"Shelled Parasite and Fungi","floor":28.0,"turns":4.0},{"damage":2.0,"enemies":"Book of Stabbing","floor":30.0,"turns":3.0},{"damage":32,"enemies":"Collector","floor":33,"turns":4},{"damage":20,"enemies":"3 Darklings","floor":35,"turns":4},{"damage":0,"enemies":"3 Shapes","floor":36,"turns":2},{"damage":31,"enemies":"Spire Growth","floor":37,"turns":4},{"damage":4,"enemies":"4 Shapes","floor":39,"turns":6},{"damage":8,"enemies":"Reptomancer","floor":40,"turns":3},{"damage":9,"enemies":"Nemesis","floor":42,"turns":5},{"damage":0,"enemies":"3 Darklings","floor":45,"turns":1},{"damage":22,"enemies":"2 Orb Walkers","floor":46,"turns":5},{"damage":10,"enemies":"Mind Bloom Boss Battle","floor":47,"turns":5},{"damage":11,"enemies":"Writhing Mass","floor":48,"turns":4},{"damage":45,"enemies":"Time Eater","floor":50,"turns":10},{"damage":74,"enemies":"Awakened One","floor":51,"turns":12},{"damage":40,"enemies":"Shield and Spear","floor":55,"turns":4},{"damage":128,"enemies":"The Heart","floor":56,"turns":9}],"seed_played":"4848273878485272785","potions_obtained":[{"floor":2.0,"key":"Block Potion"},{"floor":5.0,"key":"PowerPotion"},{"floor":6.0,"key":"EssenceOfSteel"},{"floor":16.0,"key":"FearPotion"},{"floor":24.0,"key":"ElixirPotion"},{"floor":30.0,"key":"BlessingOfTheForge"},{"floor":33,"key":"Dexterity Potion"},{"floor":40,"key":"AttackPotion"},{"floor":42,"key":"Weak Potion"}],"is_trial":false,"path_per_floor":["M","M","?","?","M","E","R","E","T","T","M","R","?","E","R","B",null,"M","?","M","$","?","R","E","R","T","E","M","?","E","?","R","B",null,"M","M","M","T","M","E","R","E","T","$","M","?","?","M","R","B","B",null,"R","$","E","B",null],"character_chosen":"IRONCLAD","items_purchased":["Anchor","Inflame","Membership Card","Seeing Red","SteroidPotion","PowerPotion","Pantograph","Nunchaku","Energy Potion"],"campfire_rested":0,"item_purchase_floors":[21,21,44,44,44,44,54,54,54],"current_hp_per_floor":[60,64,64,69,68,54,54,37,37,37,34,34,24,24,24,30,73,64,64,50,50,50,50,52,52,52,65,57,40,44,37,37,46,77,87,87,62,62,77,85,85,87,87,87,87,85,82,81,81,87,43,76,76,76,70,34],"gold":44,"neow_bonus":"HUNDRED_GOLD","is_prod":false,"is_daily":false,"chose_seed":false,"campfire_upgraded":7,"win_rate":0,"timestamp":1636746511,"path_taken":["M","M","?","?","M","E","R","E","T","?","M","R","?","E","R","BOSS","M","?","M","$","?","R","E","R","T","E","M","?","E","?","R","BOSS","M","?","M","?","?","E","R","E","T","$","M","?","?","M","R","BOSS","BOSS","R","$","E","BOSS"],"build_version":"2020-12-22","purchased_purges":2,"victory":true,"max_hp_per_floor":[75,75,75,80,80,80,80,87,87,87,87,87,87,87,87,87,87,87,87,87,87,87,87,87,87,87,87,87,87,87,87,87,87,87,87,87,87,87,87,87,87,87,87,87,87,87,87,87,87,87,87,87,87,87,87,87],"card_choices":[{"not_picked":["Infernal Blade","Perfected Strike"],"picked":"Iron Wave","floor":1.0},{"not_picked":["Evolve","Blood for Blood"],"picked":"Rampage","floor":2.0},{"not_picked":["Evolve","Sword Boomerang"],"picked":"Headbutt","floor":5.0},{"not_picked":["Reckless Charge","Perfected Strike"],"picked":"Sword Boomerang","floor":6.0},{"not_picked":["Warcry","Fire Breathing"],"picked":"Clothesline","floor":8.0},{"not_picked":["Perfected Strike","Feel No Pain"],"picked":"Pommel Strike","floor":11.0},{"not_picked":["Burning Pact","Rupture"],"picked":"Whirlwind","floor":13.0},{"not_picked":["Power Through","Heavy Blade"],"picked":"Shockwave","floor":14.0},{"not_picked":["Double Tap","Berserk"],"picked":"Reaper","floor":16.0},{"not_picked":["Twin Strike","Heavy Blade","Headbutt"],"picked":"SKIP","floor":18.0},{"not_picked":["Body Slam+1","Warcry","Headbutt"],"picked":"SKIP","floor":20.0},{"not_picked":["Infernal Blade","Evolve","Thunderclap"],"picked":"SKIP","floor":24.0},{"not_picked":["Rage","Fire Breathing"],"picked":"Pommel Strike","floor":27.0},{"not_picked":["Wild Strike","Cleave"],"picked":"Flex+1","floor":28.0},{"not_picked":["Second Wind","Pummel"],"picked":"Flame Barrier","floor":30.0},{"not_picked":["Juggernaut","Impervious"],"picked":"Limit Break","floor":33},{"not_picked":["Warcry+1","Body Slam"],"picked":"Disarm","floor":35},{"not_picked":["Cleave","Infernal Blade"],"picked":"Dropkick","floor":36},{"not_picked":["Shrug It Off","Thunderclap+1","Anger"],"picked":"SKIP","floor":37},{"not_picked":["Wild Strike","Headbutt","Hemokinesis"],"picked":"SKIP","floor":39},{"not_picked":["Headbutt","Sword Boomerang"],"picked":"Armaments","floor":40},{"not_picked":["Blood for Blood","Fire Breathing+1"],"picked":"Seeing Red","floor":42},{"not_picked":["Berserk","Reckless Charge"],"picked":"Shrug It Off+1","floor":45},{"not_picked":["Clothesline+1","Wild Strike+1"],"picked":"Flex+1","floor":47},{"not_picked":["Armaments","Carnage+1","Shrug It Off"],"picked":"SKIP","floor":48},{"not_picked":["Immolate","Feel No Pain"],"picked":"Corruption","floor":55}],"player_experience":2404995,"relics_obtained":[{"floor":6.0,"key":"Boot"},{"floor":8.0,"key":"Strawberry"},{"floor":9.0,"key":"Red Skull"},{"floor":10.0,"key":"Centennial Puzzle"},{"floor":13.0,"key":"Odd Mushroom"},{"floor":14.0,"key":"PreservedInsect"},{"floor":24.0,"key":"Bag of Marbles"},{"floor":26.0,"key":"Bottled Tornado"},{"floor":27.0,"key":"TungstenRod"},{"floor":29.0,"key":"Enchiridion"},{"floor":30.0,"key":"Lantern"},{"floor":38,"key":"War Paint"},{"floor":40,"key":"Letter Opener"},{"floor":42,"key":"Dream Catcher"},{"floor":46,"key":"Girya"},{"floor":47,"key":"Bird Faced Urn"},{"floor":55,"key":"FossilizedHelix"}],"event_choices":[{"damage_healed":0.0,"max_hp_gain":0.0,"max_hp_loss":0.0,"gold_gain":0.0,"cards_transformed":["Strike_R"],"event_name":"Living Wall","player_choice":"Change","floor":3.0,"gold_loss":0.0,"damage_taken":0.0,"cards_obtained":["Pommel Strike"]},{"damage_healed":0.0,"max_hp_gain":5.0,"max_hp_loss":0.0,"gold_gain":0.0,"event_name":"Big Fish","player_choice":"Donut","floor":4.0,"gold_loss":0.0,"damage_taken":0.0},{"damage_healed":0.0,"max_hp_gain":0.0,"max_hp_loss":0.0,"gold_gain":0.0,"event_name":"Mushrooms","player_choice":"Fought Mushrooms","floor":13.0,"gold_loss":0.0,"damage_taken":0.0},{"damage_healed":0.0,"max_hp_gain":0.0,"max_hp_loss":0.0,"gold_gain":0.0,"event_name":"Addict","player_choice":"Obtained Relic","floor":19.0,"gold_loss":85.0,"damage_taken":0.0,"relics_obtained":["Potion Belt"]},{"damage_healed":0.0,"max_hp_gain":0.0,"max_hp_loss":0.0,"gold_gain":0.0,"event_name":"The Library","player_choice":"Read","floor":22.0,"gold_loss":0.0,"damage_taken":0.0,"cards_obtained":["Impervious"]},{"damage_healed":0.0,"max_hp_gain":0.0,"max_hp_loss":0.0,"gold_gain":0.0,"event_name":"Cursed Tome","player_choice":"Obtained Book","floor":29.0,"gold_loss":0.0,"damage_taken":21.0},{"damage_healed":0,"gold_gain":50,"player_choice":"Touch","damage_taken":8,"max_hp_gain":0,"max_hp_loss":0,"event_name":"FaceTrader","floor":31,"gold_loss":0},{"damage_healed":0,"gold_gain":0,"player_choice":"Fight","damage_taken":0,"max_hp_gain":0,"max_hp_loss":0,"event_name":"Mysterious Sphere","floor":46,"gold_loss":0},{"damage_healed":0,"gold_gain":0,"player_choice":"Fight","damage_taken":0,"max_hp_gain":0,"max_hp_loss":0,"event_name":"MindBloom","floor":47,"gold_loss":0}],"is_beta":false,"boss_relics":[{"not_picked":["Pandora\u0027s Box","SacredBark"],"picked":"Coffee Dripper"},{"not_picked":["Tiny House","Runic Cube"],"picked":"Runic Pyramid"}],"items_purged_floors":[21,44],"is_endless":false,"potions_floor_spawned":[2,5,6,16,24,30,33,37,40,42,47,48],"ascension_level":20}