{"gold_per_floor":[364,384,384,403,0,0,25,44,44,69,69,69,85,116,116,194,194,208,208,208,227,8,8,23,53,76,76,106,121,186,204,204,282,282,292,312,362,375,386,400,400,432,458,490,506,556,606,638,638,638,638,638,638,27,55,55],"floor_reached":56,"playtime":3542,"items_purged":["Strike_R","Regret"],"score":2223,"play_id":"5f79eeb9-729c-45d9-b599-ed70a6b12c91","local_time":"20211114192055","is_ascension_mode":true,"campfire_choices":[{"data":"Bash","floor":6.0,"key":"SMITH"},{"data":"Fiend Fire","floor":11.0,"key":"SMITH"},{"data":"Combust","floor":15.0,"key":"SMITH"},{"data":"Corruption","floor":23.0,"key":"SMITH"},{"data":"Body Slam","floor":27.0,"key":"SMITH"},{"data":"Spot Weakness","floor":32.0,"key":"SMITH"},{"data":"Pommel Strike","floor":41.0,"key":"SMITH"},{"floor":49.0,"key":"RECALL"},{"data":"Shockwave","floor":53.0,"key":"SMITH"}],"neow_cost":"PERCENT_DAMAGE","seed_source_timestamp":168434799109500,"circlet_count":0,"master_deck":["AscendersBane","Strike_R","Strike_R","Strike_R","Defend_R+1","Defend_R","Defend_R","Defend_R","Bash+1","Twin Strike","Clothesline","Combust+1","Anger","Disarm","Pommel Strike+1","Fiend Fire+1","Shrug It Off","Corruption+1","Seeing Red","Shrug It Off","Body Slam+1","Dark Embrace","Spot Weakness+1","Offering","Pommel Strike","Rage","Shrug It Off","Dark Embrace+1","Shockwave+1","Dropkick","Impervious","Spot Weakness","Madness+1","Madness","Power Through","Dropkick","Shrug It Off","Disarm+1"],"special_seed":0,"relics":["Burning Blood","Lantern","HornCleat","Pear","Eternal Feather","Art of War","MealTicket","Runic Pyramid","SsserpentHead","ClockworkSouvenir","Regal Pillow","Pen Nib","Ancient Tea Set","Cursed Key","Bottled Tornado","InkBottle","Red Skull","War Paint","Frozen Eye","Centennial Puzzle"],"potions_floor_usage":[56],"damage_taken":[{"damage":8.0,"enemies":"Jaw Worm","floor":1.0,"turns":5.0},{"damage":1.0,"enemies":"Cultist","floor":2.0,"turns":3.0},{"damage":4.0,"enemies":"Small Slimes","floor":4.0,"turns":4.0},{"damage":9.0,"enemies":"Lagavulin","floor":7.0,"turns":5.0},{"damage":2.0,"enemies":"2 Fungi Beasts","floor":8.0,"turns":3.0},{"damage":1.0,"enemies":"Gremlin Nob","floor":10.0,"turns":3.0},{"damage":8.0,"enemies":"Looter","floor":13.0,"turns":3.0},{"damage":16.0,"enemies":"3 Sentries","floor":14.0,"turns":6.0},{"damage":46.0,"enemies":"The Guardian","floor":16.0,"turns":14.0},{"damage":3.0,"enemies":"2 Thieves","floor":18.0,"turns":3.0},{"damage":4.0,"enemies":"3 Byrds","floor":21.0,"turns":4.0},{"damage":23.0,"enemies":"Cultist and Chosen","floor":24.0,"turns":5.0},{"damage":30.0,"enemies":"Gremlin Leader","floor":25.0,"turns":4.0},{"damage":38.0,"enemies":"Slavers","floor":28.0,"turns":6.0},{"damage":3.0,"enemies":"3 Cultists","floor":29.0,"turns":4.0},{"damage":0.0,"enemies":"Snecko","floor":30.0,"turns":5.0},{"damage":20.0,"enemies":"Shelled Parasite and Fungi","floor":31.0,"turns":4.0},{"damage":24.0,"enemies":"Champ","floor":33.0,"turns":7.0},{"damage":11.0,"enemies":"3 Darklings","floor":35.0,"turns":3.0},{"damage":6.0,"enemies":"Orb Walker","floor":36.0,"turns":3.0},{"damage":55.0,"enemies":"4 Shapes","floor":38.0,"turns":6.0},{"damage":6.0,"enemies":"Jaw Worm Horde","floor":39.0,"turns":4.0},{"damage":0.0,"enemies":"Spire Growth","floor":40.0,"turns":3.0},{"damage":6.0,"enemies":"Nemesis","floor":42.0,"turns":3.0},{"damage":6.0,"enemies":"Reptomancer","floor":44.0,"turns":1.0},{"damage":17.0,"enemies":"Transient","floor":45.0,"turns":6.0},{"damage":15.0,"enemies":"Nemesis","floor":48.0,"turns":3.0},{"damage":52.0,"enemies":"Awakened One","floor":50.0,"turns":6.0},{"damage":23.0,"enemies":"Time Eater","floor":51.0,"turns":5.0},{"damage":12.0,"enemies":"Shield and Spear","floor":55.0,"turns":2.0},{"damage":51,"enemies":"The Heart","floor":56,"turns":6}],"seed_played":"7103878025118729366","potions_obtained":[{"floor":1.0,"key":"BloodPotion"},{"floor":8.0,"key":"PowerPotion"},{"floor":16.0,"key":"DistilledChaos"},{"floor":24.0,"key":"Ancient Potion"},{"floor":28.0,"key":"ColorlessPotion"},{"floor":30.0,"key":"SteroidPotion"},{"floor":31.0,"key":"ElixirPotion"},{"floor":36.0,"key":"Explosive Potion"},{"floor":42.0,"key":"EssenceOfSteel"},{"floor":55.0,"key":"SpeedPotion"}],"is_trial":false,"path_per_floor":["M","M","?","M","$","R","E","M","T","E","R","?","M","E","R","B",null,"M","?","?","M","$","R","M","E","T","R","E","M","M","M","R","B",null,"M","M","?","M","M","M","R","E","T","E","M","?","?","E","R","B","B",null,"R","$","E","B"],"character_chosen":"IRONCLAD","items_purchased":["Lantern","Combust","Anger","DistilledChaos","Shrug It Off","ClockworkSouvenir","Dropkick","Shrug It Off","War Paint","Frozen Eye","DistilledChaos"],"campfire_rested":0,"item_purchase_floors":[5,5,5,5,22,22,54,54,54,54,54],"current_hp_per_floor":[48,53,53,55,55,55,52,56,66,71,80,69,67,57,66,26,70,73,73,73,75,85,85,68,44,44,56,41,44,50,36,48,30,71,66,66,66,17,17,23,38,38,38,38,27,12,70,61,70,24,7,54,70,70,64,13],"gold":55,"neow_bonus":"TWO_FIFTY_GOLD","is_prod":false,"is_daily":false,"chose_seed":false,"campfire_upgraded":8,"win_rate":0,"timestamp":1636939255,"path_taken":["M","M","?","M","$","R","E","?","T","E","R","?","M","E","R","BOSS","M","?","?","M","$","R","M","E","T","R","E","M","?","M","R","BOSS","M","M","?","M","M","M","R","E","T","E","M","?","?","E","R","BOSS","BOSS","R","$","E","BOSS"],"build_version":"2020-12-22","purchased_purges":2,"victory":false,"max_hp_per_floor":[75,75,75,75,75,75,75,75,85,85,85,85,85,85,85,85,85,85,85,85,85,85,85,85,85,85,85,85,85,85,85,85,85,85,85,85,85,85,85,85,85,85,85,85,85,85,70,70,70,70,70,70,70,70,70,70],"card_choices":[{"not_picked":["Second Wind","Sentinel","Warcry"],"picked":"SKIP","floor":1.0},{"not_picked":["Disarm","Dropkick"],"picked":"Twin Strike","floor":2.0},{"not_picked":["Heavy Blade","Exhume"],"picked":"Clothesline","floor":4.0},{"not_picked":["Warcry","True Grit"],"picked":"Disarm","floor":7.0},{"not_picked":["Armaments","Clothesline"],"picked":"Pommel Strike","floor":8.0},{"not_picked":["Carnage","Searing Blow"],"picked":"Fiend Fire","floor":10.0},{"not_picked":["Thunderclap","Heavy Blade"],"picked":"Shrug It Off","floor":13.0},{"not_picked":["Clash","Rage","Berserk"],"picked":"SKIP","floor":14.0},{"not_picked":["Limit Break","Bludgeon"],"picked":"Corruption","floor":16.0},{"not_picked":["Anger+1","Uppercut"],"picked":"Seeing Red","floor":18.0},{"not_picked":["Dropkick","Cleave","Seeing Red"],"picked":"SKIP","floor":21.0},{"not_picked":["Sentinel","Cleave","Reckless Charge"],"picked":"SKIP","floor":24.0},{"not_picked":["Clothesline","Heavy Blade"],"picked":"Body Slam","floor":25.0},{"not_picked":["Clothesline+1","Havoc","Perfected Strike"],"picked":"SKIP","floor":28.0},{"not_picked":["Hemokinesis+1","Clothesline"],"picked":"Dark Embrace","floor":29.0},{"not_picked":["Warcry","Heavy Blade","Sever Soul+1"],"picked":"SKIP","floor":30.0},{"not_picked":["Clothesline","Dark Embrace"],"picked":"Spot Weakness","floor":31.0},{"not_picked":["Demon Form","Bludgeon"],"picked":"Offering","floor":33.0},{"not_picked":["Perfected Strike+1","Heavy Blade"],"picked":"Pommel Strike","floor":35.0},{"not_picked":["Perfected Strike","Cleave"],"picked":"Rage","floor":36.0},{"not_picked":["Wild Strike","Havoc"],"picked":"Shrug It Off","floor":38.0},{"not_picked":["Reckless Charge","Thunderclap"],"picked":"Dark Embrace+1","floor":39.0},{"not_picked":["Reckless Charge","Ghostly Armor+1"],"picked":"Shockwave","floor":40.0},{"not_picked":["Burning Pact+1","Clothesline"],"picked":"Dropkick","floor":42.0},{"not_picked":["Shockwave","Pummel"],"picked":"Impervious","floor":44.0},{"not_picked":["Wild Strike","Iron Wave"],"picked":"Spot Weakness","floor":45.0},{"not_picked":["Carnage+1","Inflame"],"picked":"Power Through","floor":48.0},{"not_picked":["Metallicize","Uppercut"],"picked":"Disarm+1","floor":55.0}],"player_experience":2423612,"relics_obtained":[{"floor":7.0,"key":"HornCleat"},{"floor":9.0,"key":"Pear"},{"floor":10.0,"key":"Eternal Feather"},{"floor":14.0,"key":"MealTicket"},{"floor":25.0,"key":"Regal Pillow"},{"floor":26.0,"key":"Pen Nib"},{"floor":28.0,"key":"Ancient Tea Set"},{"floor":42.0,"key":"Bottled Tornado"},{"floor":44.0,"key":"InkBottle"},{"floor":48.0,"key":"Red Skull"},{"floor":55.0,"key":"Centennial Puzzle"}],"event_choices":[{"cards_removed":["Strike_R"],"damage_healed":0.0,"max_hp_gain":0.0,"max_hp_loss":0.0,"gold_gain":0.0,"event_name":"Bonfire Elementals","player_choice":"Offered Basic","floor":3.0,"gold_loss":0.0,"damage_taken":0.0},{"damage_healed":0.0,"max_hp_gain":0.0,"max_hp_loss":0.0,"gold_gain":0.0,"event_name":"Scrap Ooze","player_choice":"Success","floor":12.0,"gold_loss":0.0,"damage_taken":11.0,"relics_obtained":["Art of War"]},{"damage_healed":0.0,"max_hp_gain":0.0,"max_hp_loss":0.0,"gold_gain":0.0,"event_name":"The Mausoleum","player_choice":"Ignored","floor":19.0,"gold_loss":0.0,"damage_taken":0.0},{"damage_healed":0.0,"max_hp_gain":0.0,"max_hp_loss":0.0,"gold_gain":0.0,"event_name":"FaceTrader","player_choice":"Trade","floor":20.0,"gold_loss":0.0,"damage_taken":0.0,"relics_obtained":["SsserpentHead"]},{"damage_healed":0.0,"max_hp_gain":0.0,"max_hp_loss":0.0,"gold_gain":0.0,"event_name":"Tomb of Lord Red Mask","player_choice":"Ignored","floor":37.0,"gold_loss":0.0,"damage_taken":0.0},{"damage_healed":0.0,"max_hp_gain":0.0,"max_hp_loss":0.0,"gold_gain":0.0,"event_name":"Winding Halls","player_choice":"Embrace Madness","floor":46.0,"gold_loss":0.0,"damage_taken":15.0,"cards_obtained":["Madness","Madness"]},{"damage_healed":70.0,"max_hp_gain":0.0,"max_hp_loss":15.0,"gold_gain":0.0,"event_name":"The Moai Head","player_choice":"Heal","floor":47.0,"gold_loss":0.0,"damage_taken":0.0}],"is_beta":false,"boss_relics":[{"not_picked":["SacredBark","Ectoplasm"],"picked":"Runic Pyramid"},{"not_picked":["Empty Cage","Astrolabe"],"picked":"Cursed Key"}],"items_purged_floors":[5,54],"is_endless":false,"potions_floor_spawned":[1,8,10,14,16,24,28,30,31,36,42,55],"killed_by":"The Heart","ascension_level":20}