{"gold_per_floor":[113,131,131,155,180,180,216,240,240,255,290,331,331,351,351,351],"floor_reached":16,"playtime":818,"items_purged":[],"score":224,"play_id":"a700fbbd-21cc-4b05-bda6-c9ef4907d662","local_time":"20211113124016","is_ascension_mode":true,"campfire_choices":[{"data":"Bash","floor":6,"key":"SMITH"},{"data":"Perfected Strike","floor":13,"key":"SMITH"},{"data":"Double Tap","floor":15,"key":"SMITH"}],"neow_cost":"TEN_PERCENT_HP_LOSS","seed_source_timestamp":62392953517700,"circlet_count":0,"master_deck":["AscendersBane","Strike_R","Strike_R","Strike_R","Strike_R","Strike_R","Defend_R","Defend_R","Defend_R","Defend_R","Bash+1","Double Tap+1","Shrug It Off","Hemokinesis","Perfected Strike+1","Reaper","Seeing Red","Clothesline+1","Pommel Strike+1"],"relics":["Burning Blood","Golden Idol","Tiny Chest","Anchor","Molten Egg 2","Odd Mushroom","Ornamental Fan"],"potions_floor_usage":[8,11,12],"damage_taken":[{"damage":9,"enemies":"Jaw Worm","floor":1,"turns":4},{"damage":11,"enemies":"Cultist","floor":2,"turns":4},{"damage":4,"enemies":"2 Louse","floor":5,"turns":2},{"damage":26,"enemies":"Lagavulin","floor":7,"turns":5},{"damage":2,"enemies":"Exordium Wildlife","floor":8,"turns":3},{"damage":22,"enemies":"Large Slime","floor":10,"turns":7},{"damage":24,"enemies":"The Mushroom Lair","floor":11,"turns":5},{"damage":49,"enemies":"3 Sentries","floor":12,"turns":8},{"damage":5,"enemies":"Looter","floor":14,"turns":3},{"damage":0,"enemies":"Slime Boss","floor":16,"turns":1}],"seed_played":"8366449506349885316","potions_obtained":[{"floor":5,"key":"BlessingOfTheForge"},{"floor":7,"key":"Regen Potion"},{"floor":10,"key":"SteroidPotion"},{"floor":11,"key":"BloodPotion"}],"is_trial":false,"path_per_floor":["M","M","?","T","M","R","E","M","T","M","?","E","R","M","R","B"],"character_chosen":"IRONCLAD","items_purchased":[],"campfire_rested":0,"item_purchase_floors":[],"current_hp_per_floor":[65,60,60,60,62,62,42,46,46,38,38,29,29,30,30,30],"gold":351,"neow_bonus":"THREE_RARE_CARDS","is_prod":false,"is_daily":false,"chose_seed":false,"campfire_upgraded":3,"win_rate":0,"timestamp":1636828816,"path_taken":["M","M","?","?","M","R","E","M","T","?","?","E","R","M","R","BOSS"],"build_version":"2020-12-22","purchased_purges":0,"victory":false,"max_hp_per_floor":[68,68,62,62,62,62,62,62,62,62,62,62,62,62,62,62],"card_choices":[{"not_picked":["Demon Form","Barricade"],"picked":"Double Tap","floor":0},{"not_picked":["Havoc","Feel No Pain"],"picked":"Shrug It Off","floor":1},{"not_picked":["Heavy Blade","Feel No Pain"],"picked":"Hemokinesis","floor":2},{"not_picked":["Feel No Pain","Sword Boomerang"],"picked":"Perfected Strike","floor":5},{"not_picked":["Shockwave","Power Through"],"picked":"Reaper","floor":7},{"not_picked":["Hemokinesis","Intimidate","Searing Blow"],"picked":"SKIP","floor":8},{"not_picked":["Headbutt+1","Armaments","Sentinel"],"picked":"SKIP","floor":10},{"not_picked":["Havoc","Iron Wave+1"],"picked":"Seeing Red","floor":11},{"not_picked":["Fire Breathing","Power Through"],"picked":"Clothesline+1","floor":12},{"not_picked":["True Grit","Heavy Blade+1"],"picked":"Pommel Strike+1","floor":14}],"player_experience":2410181,"relics_obtained":[{"floor":4,"key":"Tiny Chest"},{"floor":7,"key":"Anchor"},{"floor":9,"key":"Molten Egg 2"},{"floor":11,"key":"Odd Mushroom"},{"floor":12,"key":"Ornamental Fan"}],"event_choices":[{"damage_healed":0,"gold_gain":0,"player_choice":"Lose Max HP","damage_taken":0,"relics_obtained":["Golden Idol"],"max_hp_gain":0,"max_hp_loss":6,"event_name":"Golden Idol","floor":3,"gold_loss":0},{"damage_healed":0,"gold_gain":0,"player_choice":"Fought Mushrooms","damage_taken":0,"max_hp_gain":0,"max_hp_loss":0,"event_name":"Mushrooms","floor":11,"gold_loss":0}],"is_beta":false,"boss_relics":[],"items_purged_floors":[],"is_endless":false,"potions_floor_spawned":[5,7,10,11],"killed_by":"Slime Boss","ascension_level":20}