{"gold_per_floor":[18,38,38,38,57,57,72,99,122,135,135,154,183,196,196,267,267,279,279,279,116,166,196,196,229,229,229,248,60,60,90,90,165,165,176,192,204,214,45,45],"floor_reached":40,"playtime":2317,"items_purged":[],"score":937,"play_id":"d811c05e-bf74-46de-aec5-3958337eb3bf","local_time":"20211113201913","is_ascension_mode":true,"campfire_choices":[{"data":"Bash","floor":6.0,"key":"SMITH"},{"data":"Carnage","floor":11.0,"key":"SMITH"},{"data":"Juggernaut","floor":15.0,"key":"SMITH"},{"floor":24,"key":"REST"},{"data":"Corruption","floor":27,"key":"SMITH"},{"data":"Pommel Strike","floor":30,"key":"SMITH"},{"data":"Flame Barrier","floor":32,"key":"SMITH"}],"neow_cost":"NO_GOLD","seed_source_timestamp":88414829826200,"circlet_count":0,"master_deck":["AscendersBane","Defend_R","Defend_R","Defend_R","Defend_R","Bash+1","Juggernaut+1","Anger","Pommel Strike+1","Carnage+1","Rage","Reaper","Flame Barrier+1","Corruption+1","Whirlwind+1","Bite","Bite","Bite+1","Bite","Bite+1","Sentinel","Iron Wave","Offering","Dual Wield+1"],"special_seed":0,"relics":["Burning Blood","Pen Nib","Nunchaku","Centennial Puzzle","Busted Crown","MutagenicStrength","Toolbox","Letter Opener","Vajra","White Beast Statue","Whetstone","Bronze Scales","Coffee Dripper","Anchor"],"potions_floor_usage":[23,31],"damage_taken":[{"damage":0.0,"enemies":"2 Louse","floor":1.0,"turns":4.0},{"damage":7.0,"enemies":"Jaw Worm","floor":2.0,"turns":3.0},{"damage":1.0,"enemies":"Small Slimes","floor":5.0,"turns":3.0},{"damage":9.0,"enemies":"Exordium Wildlife","floor":7.0,"turns":3.0},{"damage":35.0,"enemies":"3 Sentries","floor":8.0,"turns":9.0},{"damage":7.0,"enemies":"3 Louse","floor":10.0,"turns":4.0},{"damage":10.0,"enemies":"Gremlin Gang","floor":12.0,"turns":3.0},{"damage":8.0,"enemies":"Gremlin Nob","floor":13.0,"turns":3.0},{"damage":6.0,"enemies":"2 Fungi Beasts","floor":14.0,"turns":3.0},{"damage":13.0,"enemies":"Hexaghost","floor":16.0,"turns":7.0},{"damage":13.0,"enemies":"Spheric Guardian","floor":18.0,"turns":4.0},{"damage":59,"enemies":"Book of Stabbing","floor":23,"turns":5},{"damage":27,"enemies":"Gremlin Leader","floor":25,"turns":5},{"damage":0,"enemies":"Chosen","floor":28,"turns":2},{"damage":15,"enemies":"Book of Stabbing","floor":31,"turns":3},{"damage":4,"enemies":"Automaton","floor":33,"turns":6},{"damage":0,"enemies":"3 Shapes","floor":35,"turns":2},{"damage":0,"enemies":"Orb Walker","floor":36,"turns":1},{"damage":42,"enemies":"Transient","floor":37,"turns":6},{"damage":27,"enemies":"Maw","floor":38,"turns":5},{"damage":31,"enemies":"Nemesis","floor":40,"turns":6}],"seed_played":"-2678945551611768372","potions_obtained":[{"floor":8.0,"key":"Weak Potion"},{"floor":12.0,"key":"Dexterity Potion"},{"floor":14.0,"key":"PowerPotion"},{"floor":16.0,"key":"Fruit Juice"},{"floor":28,"key":"Weak Potion"},{"floor":31,"key":"FearPotion"},{"floor":35,"key":"SteroidPotion"},{"floor":36,"key":"Strength Potion"}],"is_trial":false,"path_per_floor":["M","M","?","?","M","R","M","E","T","M","R","M","E","M","R","B",null,"M","?","?","$","?","E","R","E","T","R","M","$","R","E","R","B",null,"M","M","M","M","$","E"],"character_chosen":"IRONCLAD","items_purchased":["Toolbox","Iron Wave","Whetstone","Anchor"],"campfire_rested":1,"item_purchase_floors":[21,29,29,39],"current_hp_per_floor":[74,73,66,43,48,48,45,16,16,15,15,11,9,16,16,13,60,53,53,52,52,52,12,29,32,32,32,40,40,40,36,36,57,57,57,57,36,42,42,34],"gold":45,"neow_bonus":"THREE_RARE_CARDS","is_prod":false,"is_daily":false,"chose_seed":false,"campfire_upgraded":6,"win_rate":0,"timestamp":1636856353,"path_taken":["M","M","?","?","M","R","M","E","T","?","R","M","E","M","R","BOSS","M","?","?","?","?","E","R","E","T","R","M","$","R","E","R","BOSS","M","M","?","M","$","E"],"build_version":"2020-12-22","purchased_purges":0,"victory":false,"max_hp_per_floor":[75,75,75,75,75,75,75,75,75,75,75,75,75,75,75,75,75,75,75,52,52,52,57,57,57,57,57,57,57,57,57,57,57,57,57,57,57,57,57,57],"card_choices":[{"not_picked":["Corruption","Exhume"],"picked":"Juggernaut","floor":0.0},{"not_picked":["Heavy Blade","Flex"],"picked":"Anger","floor":1.0},{"not_picked":["Thunderclap","Havoc","Body Slam"],"picked":"SKIP","floor":2.0},{"not_picked":["Clothesline","Combust"],"picked":"Pommel Strike","floor":5.0},{"not_picked":["Pommel Strike","Heavy Blade"],"picked":"Carnage","floor":7.0},{"not_picked":["Intimidate","Bloodletting","Infernal Blade"],"picked":"SKIP","floor":8.0},{"not_picked":["Clothesline","Thunderclap","Searing Blow"],"picked":"SKIP","floor":10.0},{"not_picked":["Thunderclap","Berserk"],"picked":"Rage","floor":12.0},{"not_picked":["Headbutt","Sever Soul"],"picked":"Reaper","floor":13.0},{"not_picked":["True Grit","Whirlwind"],"picked":"Flame Barrier","floor":14.0},{"not_picked":["Juggernaut","Limit Break"],"picked":"Corruption","floor":16.0},{"not_picked":[],"picked":"Whirlwind+1","floor":18.0},{"not_picked":["Sword Boomerang+1"],"picked":"SKIP","floor":23},{"not_picked":[],"picked":"Sentinel","floor":25},{"not_picked":["Perfected Strike"],"picked":"SKIP","floor":28},{"not_picked":["Clash"],"picked":"SKIP","floor":31},{"not_picked":[],"picked":"Offering","floor":33},{"not_picked":["Whirlwind"],"picked":"SKIP","floor":35},{"not_picked":[],"picked":"Dual Wield+1","floor":36},{"not_picked":["Bloodletting+1"],"picked":"SKIP","floor":37},{"not_picked":["Rupture"],"picked":"SKIP","floor":38}],"player_experience":2414781,"relics_obtained":[{"floor":8.0,"key":"Pen Nib"},{"floor":9.0,"key":"Nunchaku"},{"floor":13.0,"key":"Centennial Puzzle"},{"floor":23,"key":"Letter Opener"},{"floor":25,"key":"Vajra"},{"floor":26,"key":"White Beast Statue"},{"floor":31,"key":"Bronze Scales"}],"event_choices":[{"cards_removed":["Strike_R"],"damage_healed":0.0,"max_hp_gain":0.0,"max_hp_loss":0.0,"gold_gain":0.0,"event_name":"Golden Wing","player_choice":"Card Removal","floor":3.0,"gold_loss":0.0,"damage_taken":7.0},{"damage_healed":0.0,"max_hp_gain":0.0,"max_hp_loss":0.0,"gold_gain":0.0,"event_name":"Shining Light","player_choice":"Entered Light","floor":4.0,"gold_loss":0.0,"damage_taken":23.0,"cards_upgraded":["Strike_R","Strike_R"]},{"damage_healed":0,"gold_gain":0,"player_choice":"Inject Mutagens","damage_taken":0,"relics_obtained":["MutagenicStrength"],"max_hp_gain":0,"max_hp_loss":0,"event_name":"Drug Dealer","floor":19,"gold_loss":0},{"damage_healed":0,"gold_gain":0,"player_choice":"Became a vampire","damage_taken":0,"max_hp_gain":0,"max_hp_loss":23,"event_name":"Vampires","floor":20,"gold_loss":0,"cards_obtained":["Bite","Bite","Bite","Bite","Bite"]},{"damage_healed":0,"gold_gain":50,"player_choice":"Pray","damage_taken":0,"max_hp_gain":0,"max_hp_loss":0,"event_name":"Golden Shrine","floor":22,"gold_loss":0}],"is_beta":false,"boss_relics":[{"not_picked":["Runic Cube","Black Blood"],"picked":"Busted Crown"},{"not_picked":["Black Star","Cursed Key"],"picked":"Coffee Dripper"}],"items_purged_floors":[],"is_endless":false,"potions_floor_spawned":[8,12,13,14,16,28,31,33,35,36,37,38],"killed_by":"Nemesis","ascension_level":20}