{"gold_per_floor":[16,29,48,48,126,126,167,167,167,201,226,226,242,280,280,370,370,393,417,72,72,72,72,92,92,92,92,127,148,191,215,215,313,313,336,350,374,430,730,768,768,801,801,801,825,841,593,662,662,662,662,662,662,97,141,141],"floor_reached":57,"playtime":3782,"items_purged":["Pain","Strike_R","Strike_R"],"score":2965,"play_id":"2999ac4e-8542-496a-bcf5-2411f9c45d7d","local_time":"20211113134601","is_ascension_mode":true,"campfire_choices":[{"data":"Perfected Strike","floor":6,"key":"SMITH"},{"data":"Bash","floor":12,"key":"SMITH"},{"data":"Feed","floor":15,"key":"SMITH"},{"data":"Body Slam","floor":23,"key":"SMITH"},{"data":"Reaper","floor":25,"key":"SMITH"},{"data":"Armaments","floor":32,"key":"SMITH"},{"floor":41,"key":"RECALL"},{"data":"Corruption","floor":44,"key":"SMITH"},{"data":"Dark Embrace","floor":49,"key":"SMITH"},{"data":"Body Slam","floor":53,"key":"SMITH"}],"neow_cost":"NO_GOLD","seed_source_timestamp":63228043734300,"circlet_count":0,"master_deck":["AscendersBane","Strike_R","Strike_R","Defend_R","Defend_R","Defend_R","Defend_R","Bash+1","Clothesline","Perfected Strike+1","Armaments+1","Power Through+1","Feed+1","True Grit+1","Entrench+1","Offering+1","Body Slam+1","Shrug It Off+1","Reaper+1","Warcry+1","Flame Barrier+1","Offering+1","Shrug It Off+1","Body Slam+1","Corruption+1","Body Slam+1","Havoc+1","Power Through+1","Ghostly Armor+1","Second Wind+1","True Grit+1","Shrug It Off+1","Warcry+1","Dark Embrace+1","Finesse+1","Body Slam+1"],"relics":["Burning Blood","StoneCalendar","Golden Idol","Darkstone Periapt","WarpedTongs","Toxic Egg 2","Oddly Smooth Stone","Tiny Chest","Coffee Dripper","Nilry\u0027s Codex","Pantograph","Bottled Lightning","PreservedInsect","StrikeDummy","Runic Pyramid","Unceasing Top","Strawberry","Champion Belt","White Beast Statue","Strange Spoon","Paper Frog","Bronze Scales"],"potions_floor_usage":[10,14,18,19,56,56],"damage_taken":[{"damage":10,"enemies":"Small Slimes","floor":1,"turns":4},{"damage":11,"enemies":"Jaw Worm","floor":2,"turns":4},{"damage":8,"enemies":"2 Louse","floor":3,"turns":3},{"damage":15,"enemies":"Lagavulin","floor":7,"turns":7},{"damage":17,"enemies":"3 Sentries","floor":10,"turns":7},{"damage":22,"enemies":"Gremlin Gang","floor":11,"turns":6},{"damage":2,"enemies":"2 Fungi Beasts","floor":13,"turns":6},{"damage":23,"enemies":"Lagavulin","floor":14,"turns":8},{"damage":10,"enemies":"The Guardian","floor":16,"turns":12},{"damage":10,"enemies":"3 Byrds","floor":18,"turns":7},{"damage":18,"enemies":"Spheric Guardian","floor":19,"turns":7},{"damage":12,"enemies":"Snake Plant","floor":24,"turns":4},{"damage":12,"enemies":"Slavers","floor":28,"turns":7},{"damage":7,"enemies":"Snecko","floor":29,"turns":6},{"damage":13,"enemies":"Book of Stabbing","floor":30,"turns":4},{"damage":6,"enemies":"Centurion and Healer","floor":31,"turns":7},{"damage":41,"enemies":"Collector","floor":33,"turns":5},{"damage":12,"enemies":"Orb Walker","floor":35,"turns":4},{"damage":12,"enemies":"3 Darklings","floor":36,"turns":3},{"damage":17,"enemies":"Sphere and 2 Shapes","floor":37,"turns":3},{"damage":22,"enemies":"2 Orb Walkers","floor":38,"turns":4},{"damage":27,"enemies":"Nemesis","floor":40,"turns":7},{"damage":12,"enemies":"Reptomancer","floor":42,"turns":3},{"damage":6,"enemies":"Spire Growth","floor":45,"turns":2},{"damage":12,"enemies":"Maw","floor":46,"turns":5},{"damage":14,"enemies":"Time Eater","floor":50,"turns":7},{"damage":64,"enemies":"Donu and Deca","floor":51,"turns":6},{"damage":6,"enemies":"Shield and Spear","floor":55,"turns":1},{"damage":44,"enemies":"The Heart","floor":56,"turns":6}],"seed_played":"4112282828319569132","potions_obtained":[{"floor":2,"key":"DuplicationPotion"},{"floor":3,"key":"Block Potion"},{"floor":10,"key":"Fruit Juice"},{"floor":14,"key":"Ancient Potion"},{"floor":18,"key":"Swift Potion"},{"floor":19,"key":"Block Potion"},{"floor":38,"key":"CultistPotion"}],"is_trial":false,"path_per_floor":["M","M","M","?","?","R","E","?","T","E","M","R","M","E","R","B",null,"M","M","$","?","?","R","M","R","T","T","E","M","E","M","R","B",null,"M","M","M","?","?","E","R","E","T","R","M","M","$","T","R","B","B",null,"R","$","E","B",null],"character_chosen":"IRONCLAD","items_purchased":["Shrug It Off+1","Reaper","Warcry+1","Dark Embrace","Finesse+1","Strange Spoon","Paper Frog"],"campfire_rested":0,"item_purchase_floors":[20,20,20,47,47,54,54],"current_hp_per_floor":[64,59,57,57,57,57,48,54,54,43,27,27,34,26,26,22,70,66,58,58,37,37,37,35,35,35,35,48,56,58,58,58,65,93,98,106,109,104,104,101,101,99,99,99,99,102,102,102,102,128,87,128,128,128,138,107],"gold":141,"neow_bonus":"ONE_RARE_RELIC","is_prod":false,"is_daily":false,"chose_seed":false,"campfire_upgraded":9,"win_rate":0,"timestamp":1636832761,"path_taken":["M","M","M","?","?","R","E","?","T","E","?","R","M","E","R","BOSS","M","M","$","?","?","R","?","R","T","?","E","M","E","M","R","BOSS","M","M","M","?","?","E","R","E","T","R","?","M","$","?","R","BOSS","BOSS","R","$","E","BOSS"],"build_version":"2020-12-22","purchased_purges":3,"victory":true,"max_hp_per_floor":[75,75,75,68,68,68,68,74,74,74,74,74,77,86,86,86,86,86,90,90,90,90,90,90,90,90,90,94,98,102,102,102,102,102,106,110,114,118,118,129,129,133,133,133,133,137,137,137,137,141,141,141,141,141,141,141],"card_choices":[{"not_picked":["Warcry","Armaments"],"picked":"Clothesline","floor":1},{"not_picked":["True Grit","Thunderclap","Flex"],"picked":"SKIP","floor":2},{"not_picked":["Clash","Seeing Red"],"picked":"Perfected Strike","floor":3},{"not_picked":["Wild Strike","Dual Wield"],"picked":"Armaments","floor":7},{"not_picked":["Clothesline","Feel No Pain"],"picked":"Power Through+1","floor":10},{"not_picked":["Heavy Blade","Thunderclap"],"picked":"Feed","floor":11},{"not_picked":["Entrench+1","Clash"],"picked":"True Grit+1","floor":13},{"not_picked":["Feel No Pain","Pommel Strike"],"picked":"Entrench+1","floor":14},{"not_picked":["Fiend Fire","Juggernaut"],"picked":"Offering+1","floor":16},{"not_picked":["Clothesline","Hemokinesis","Headbutt"],"picked":"SKIP","floor":18},{"not_picked":["Anger","Iron Wave"],"picked":"Body Slam","floor":19},{"not_picked":["True Grit+1","Metallicize"],"picked":"Flame Barrier+1","floor":24},{"not_picked":["Hemokinesis","Infernal Blade+1"],"picked":"Offering+1","floor":28},{"not_picked":["Sever Soul","Clash","Twin Strike"],"picked":"SKIP","floor":29},{"not_picked":["Brutality","Body Slam"],"picked":"Shrug It Off+1","floor":30},{"not_picked":["Metallicize","Twin Strike"],"picked":"Body Slam+1","floor":31},{"not_picked":["Limit Break+1","Offering+1"],"picked":"Corruption","floor":33},{"not_picked":["Warcry+1","Headbutt"],"picked":"Body Slam","floor":35},{"not_picked":["Carnage","Intimidate+1"],"picked":"Havoc+1","floor":36},{"not_picked":["Bloodletting+1","Heavy Blade"],"picked":"Power Through+1","floor":37},{"not_picked":["Blood for Blood+1","Fire Breathing"],"picked":"Ghostly Armor+1","floor":38},{"not_picked":["Offering+1","Hemokinesis"],"picked":"Second Wind+1","floor":40},{"not_picked":["Thunderclap","Havoc+1"],"picked":"True Grit+1","floor":42},{"not_picked":["Clothesline","Cleave"],"picked":"Shrug It Off+1","floor":45},{"not_picked":["Sword Boomerang","Reckless Charge"],"picked":"Warcry+1","floor":46},{"not_picked":["Rupture","Offering+1"],"picked":"Body Slam+1","floor":55}],"player_experience":2410999,"relics_obtained":[{"floor":7,"key":"Darkstone Periapt"},{"floor":9,"key":"Toxic Egg 2"},{"floor":10,"key":"Oddly Smooth Stone"},{"floor":14,"key":"Tiny Chest"},{"floor":21,"key":"Nilry\u0027s Codex"},{"floor":26,"key":"Pantograph"},{"floor":27,"key":"Bottled Lightning"},{"floor":28,"key":"PreservedInsect"},{"floor":30,"key":"StrikeDummy"},{"floor":38,"key":"Unceasing Top"},{"floor":40,"key":"Strawberry"},{"floor":42,"key":"Champion Belt"},{"floor":48,"key":"White Beast Statue"},{"floor":55,"key":"Bronze Scales"}],"event_choices":[{"damage_healed":0,"gold_gain":0,"player_choice":"Lose Max HP","damage_taken":0,"relics_obtained":["Golden Idol"],"max_hp_gain":0,"max_hp_loss":7,"event_name":"Golden Idol","floor":4,"gold_loss":0},{"damage_healed":0,"gold_gain":78,"player_choice":"Gained Gold","damage_taken":0,"max_hp_gain":0,"max_hp_loss":0,"event_name":"Golden Wing","floor":5,"gold_loss":0},{"damage_healed":0,"gold_gain":0,"player_choice":"Rummage","damage_taken":0,"relics_obtained":["WarpedTongs"],"max_hp_gain":0,"max_hp_loss":0,"event_name":"Accursed Blacksmith","floor":8,"gold_loss":0,"cards_obtained":["Pain"]},{"damage_healed":0,"gold_gain":0,"player_choice":"Obtained Book","damage_taken":21,"max_hp_gain":0,"max_hp_loss":0,"event_name":"Cursed Tome","floor":21,"gold_loss":0},{"cards_removed":["Strike_R"],"damage_healed":0,"gold_gain":0,"player_choice":"Purged","damage_taken":0,"max_hp_gain":0,"max_hp_loss":0,"event_name":"Purifier","floor":22,"gold_loss":0},{"damage_healed":0,"gold_gain":0,"player_choice":"Fight","damage_taken":0,"max_hp_gain":0,"max_hp_loss":0,"event_name":"Mysterious Sphere","floor":38,"gold_loss":0},{"damage_healed":0,"gold_gain":300,"player_choice":"Gold","damage_taken":0,"max_hp_gain":0,"max_hp_loss":0,"event_name":"Wheel of Change","floor":39,"gold_loss":0}],"is_beta":false,"boss_relics":[{"not_picked":["Mark of Pain","Sozu"],"picked":"Coffee Dripper"},{"not_picked":["Tiny House","Velvet Choker"],"picked":"Runic Pyramid"}],"items_purged_floors":[20,47,54],"is_endless":false,"potions_floor_spawned":[2,3,10,14,18,19,30,37,38,42,46,55],"ascension_level":20}