{"gold_per_floor":[116,134,134,149,166,198,57,88,88,88,107,157,157,82,82,82],"floor_reached":16,"playtime":873,"items_purged":["Strike_R"],"score":220,"play_id":"a4fc2ed7-4294-4722-b661-28b7797f5e98","local_time":"20211112125549","is_ascension_mode":true,"campfire_choices":[{"data":"Immolate","floor":10.0,"key":"SMITH"},{"data":"Perfected Strike","floor":13,"key":"SMITH"},{"data":"Wild Strike","floor":15,"key":"SMITH"}],"neow_cost":"NONE","seed_source_timestamp":8439536784175100,"circlet_count":0,"master_deck":["AscendersBane","Strike_R","Strike_R+1","Strike_R+1","Strike_R","Defend_R","Defend_R","Defend_R","Defend_R","Bash","Trip","Twin Strike","Shrug It Off","Wild Strike+1","Perfected Strike+1","Immolate+1","Battle Trance","Anger"],"special_seed":0,"relics":["Burning Blood","Vajra","HornCleat","Matryoshka"],"potions_floor_usage":[16],"damage_taken":[{"damage":9.0,"enemies":"2 Louse","floor":1.0,"turns":3.0},{"damage":5.0,"enemies":"Small Slimes","floor":2.0,"turns":3.0},{"damage":0.0,"enemies":"Cultist","floor":4.0,"turns":3.0},{"damage":14.0,"enemies":"Gremlin Gang","floor":5.0,"turns":8.0},{"damage":21.0,"enemies":"3 Sentries","floor":6.0,"turns":8.0},{"damage":30.0,"enemies":"Lagavulin","floor":8.0,"turns":5.0},{"damage":0.0,"enemies":"Large Slime","floor":11.0,"turns":4.0},{"damage":11,"enemies":"The Guardian","floor":16,"turns":4}],"seed_played":"7889665906596072614","potions_obtained":[{"floor":1.0,"key":"SneckoOil"},{"floor":4.0,"key":"Regen Potion"},{"floor":5.0,"key":"EssenceOfSteel"},{"floor":6.0,"key":"Dexterity Potion"}],"is_trial":false,"path_per_floor":["M","M","?","M","M","E","$","E","T","R","M","?","R","$","R","B"],"character_chosen":"IRONCLAD","items_purchased":["Immolate","BlessingOfTheForge"],"campfire_rested":0,"item_purchase_floors":[7,7],"current_hp_per_floor":[65,66,43,49,56,41,41,17,17,17,23,16,16,16,16,5],"gold":82,"neow_bonus":"RANDOM_COLORLESS","is_prod":false,"is_daily":false,"chose_seed":false,"campfire_upgraded":3,"win_rate":0,"timestamp":1636743349,"path_taken":["M","M","?","M","M","E","$","E","T","R","M","?","R","$","R","BOSS"],"build_version":"2020-12-22","purchased_purges":1,"victory":false,"max_hp_per_floor":[75,75,75,75,75,75,75,75,75,75,75,75,75,75,75,75],"card_choices":[{"not_picked":["Mind Blast","PanicButton"],"picked":"Trip","floor":0.0},{"not_picked":["Havoc","Feel No Pain"],"picked":"Twin Strike","floor":1.0},{"not_picked":["Spot Weakness","Blood for Blood"],"picked":"Shrug It Off","floor":2.0},{"not_picked":["Anger","Twin Strike"],"picked":"Wild Strike","floor":4.0},{"not_picked":["Flex","Thunderclap"],"picked":"Perfected Strike","floor":5.0},{"not_picked":["Warcry","Second Wind","Clothesline"],"picked":"SKIP","floor":6.0},{"not_picked":["Pommel Strike","Barricade"],"picked":"Battle Trance","floor":8.0},{"not_picked":["Feel No Pain","Havoc"],"picked":"Anger","floor":11.0}],"player_experience":2404122,"relics_obtained":[{"floor":6.0,"key":"Vajra"},{"floor":8.0,"key":"HornCleat"},{"floor":9.0,"key":"Matryoshka"}],"event_choices":[{"damage_healed":0.0,"max_hp_gain":0.0,"max_hp_loss":0.0,"gold_gain":0.0,"event_name":"Shining Light","player_choice":"Entered Light","floor":3.0,"gold_loss":0.0,"damage_taken":23.0,"cards_upgraded":["Strike_R","Strike_R"]},{"damage_healed":0,"gold_gain":50,"player_choice":"Touch","damage_taken":7,"max_hp_gain":0,"max_hp_loss":0,"event_name":"FaceTrader","floor":12,"gold_loss":0}],"is_beta":false,"boss_relics":[],"items_purged_floors":[14],"is_endless":false,"potions_floor_spawned":[1,4,5,6],"killed_by":"The Guardian","ascension_level":20}