{"gold_per_floor":[362,193,193,211,224,252,252,285,309,327,327,355,355,355,355,433,433],"floor_reached":17,"playtime":689,"items_purged":["Strike_R"],"score":346,"play_id":"69a2cbf4-418e-483a-a170-c1c6f7b6a896","local_time":"20211117203952","is_ascension_mode":true,"campfire_choices":[{"data":"Cleave","floor":7.0,"key":"SMITH"},{"data":"Disarm","floor":11.0,"key":"SMITH"},{"data":"Wild Strike","floor":13.0,"key":"SMITH"},{"data":"Fire Breathing","floor":15,"key":"SMITH"}],"neow_cost":"TEN_PERCENT_HP_LOSS","seed_source_timestamp":436825415575200,"circlet_count":0,"master_deck":["AscendersBane","Strike_R","Strike_R","Strike_R","Strike_R","Defend_R","Defend_R","Defend_R","Defend_R","Bash+1","Anger","Fire Breathing+1","Cleave","Wild Strike+1","Cleave+1","Disarm+1","Power Through","Demon Form"],"special_seed":0,"relics":["Burning Blood","Boot","Akabeko","Nunchaku","Omamori","Ancient Tea Set"],"potions_floor_usage":[],"damage_taken":[{"damage":4.0,"enemies":"Small Slimes","floor":1.0,"turns":4.0},{"damage":0.0,"enemies":"2 Louse","floor":4.0,"turns":3.0},{"damage":0.0,"enemies":"Jaw Worm","floor":5.0,"turns":3.0},{"damage":30.0,"enemies":"Lagavulin","floor":6.0,"turns":5.0},{"damage":20.0,"enemies":"3 Sentries","floor":8.0,"turns":5.0},{"damage":0.0,"enemies":"Lots of Slimes","floor":10.0,"turns":1.0},{"damage":8.0,"enemies":"Gremlin Nob","floor":12.0,"turns":3.0},{"damage":27,"enemies":"Hexaghost","floor":16,"turns":9}],"seed_played":"2918138134049603947","potions_obtained":[{"floor":5.0,"key":"Block Potion"},{"floor":8.0,"key":"SpeedPotion"},{"floor":10.0,"key":"SteroidPotion"}],"is_trial":false,"path_per_floor":["M","$","?","M","M","E","R","E","T","M","R","E","R","?","R","B",null],"character_chosen":"IRONCLAD","items_purchased":["PowerPotion","Fire Breathing"],"campfire_rested":0,"item_purchase_floors":[2,2],"current_hp_per_floor":[68,68,68,68,68,44,44,30,30,36,36,34,34,34,34,13,13],"gold":433,"neow_bonus":"TWO_FIFTY_GOLD","is_prod":false,"is_daily":false,"chose_seed":false,"campfire_upgraded":4,"win_rate":0,"timestamp":1637203192,"path_taken":["M","$","?","M","M","E","R","E","T","M","R","E","R","?","R","BOSS"],"build_version":"2020-12-22","purchased_purges":1,"victory":false,"max_hp_per_floor":[68,68,68,68,68,68,68,68,68,68,68,68,68,68,68,68,68],"card_choices":[{"not_picked":["Iron Wave","Shrug It Off"],"picked":"Anger","floor":1.0},{"not_picked":["Flame Barrier","Warcry"],"picked":"Cleave","floor":4.0},{"not_picked":["Anger","Ghostly Armor"],"picked":"Wild Strike","floor":5.0},{"not_picked":["Warcry","Clash"],"picked":"Cleave","floor":6.0},{"not_picked":["Infernal Blade","Dual Wield"],"picked":"Disarm","floor":8.0},{"not_picked":["True Grit","Body Slam","Headbutt"],"picked":"SKIP","floor":10.0},{"not_picked":["Ghostly Armor","True Grit"],"picked":"Power Through","floor":12.0},{"not_picked":["Bludgeon","Juggernaut"],"picked":"Demon Form","floor":16}],"player_experience":2435113,"relics_obtained":[{"floor":6.0,"key":"Boot"},{"floor":8.0,"key":"Akabeko"},{"floor":9.0,"key":"Nunchaku"},{"floor":12.0,"key":"Omamori"}],"event_choices":[{"damage_healed":0.0,"max_hp_gain":0.0,"max_hp_loss":0.0,"gold_gain":0.0,"event_name":"Living Wall","player_choice":"Grow","floor":3.0,"gold_loss":0.0,"damage_taken":0.0,"cards_upgraded":["Bash"]},{"damage_healed":0,"gold_gain":0,"player_choice":"Box","damage_taken":0,"relics_obtained":["Ancient Tea Set"],"max_hp_gain":0,"max_hp_loss":0,"event_name":"Big Fish","floor":14,"gold_loss":0,"cards_obtained":["Regret"]}],"is_beta":false,"boss_relics":[],"items_purged_floors":[2],"is_endless":false,"potions_floor_spawned":[5,8,10],"ascension_level":20}