{"gold_per_floor":[109,184,184,184,184,218,218,252,300,327,327,339,354,370,370,370],"floor_reached":16,"playtime":341,"items_purged":[],"score":436,"play_id":"4b649c40-acfb-4592-82ad-9399d3340908","local_time":"20211121184531","is_ascension_mode":true,"campfire_choices":[{"data":"Whirlwind","floor":7.0,"key":"SMITH"},{"data":"Pommel Strike","floor":11.0,"key":"SMITH"},{"data":"Pommel Strike","floor":15.0,"key":"SMITH"}],"neow_cost":"NONE","seed_source_timestamp":0,"circlet_count":0,"master_deck":["AscendersBane","Strike_R","Strike_R","Strike_R","Strike_R","Strike_R","Defend_R","Defend_R","Defend_R","Defend_R","Bash+1","Headbutt+1","Whirlwind+1","Pommel Strike+1","Clothesline","Brutality","Pommel Strike+1"],"special_seed":0,"relics":["Burning Blood","NeowsBlessing","The Courier","Ornamental Fan","Pen Nib","Ancient Tea Set","Sundial"],"potions_floor_usage":[],"damage_taken":[{"damage":0.0,"enemies":"Jaw Worm","floor":1.0,"turns":1.0},{"damage":0.0,"enemies":"Gremlin Nob","floor":6.0,"turns":1.0},{"damage":0.0,"enemies":"3 Sentries","floor":8.0,"turns":1.0},{"damage":32.0,"enemies":"Gremlin Nob","floor":10.0,"turns":4.0},{"damage":0.0,"enemies":"Small Slimes","floor":12.0,"turns":1.0},{"damage":10.0,"enemies":"2 Louse","floor":13.0,"turns":2.0},{"damage":0.0,"enemies":"Looter","floor":14.0,"turns":1.0},{"damage":12.0,"enemies":"Slime Boss","floor":16.0,"turns":6.0}],"seed_played":"6708881870679122123","potions_obtained":[{"floor":8.0,"key":"Strength Potion"},{"floor":10.0,"key":"DuplicationPotion"}],"is_trial":false,"path_per_floor":["M","?","?","?","T","E","R","E","T","E","R","M","M","M","R","B"],"character_chosen":"IRONCLAD","items_purchased":[],"campfire_rested":0,"item_purchase_floors":[],"current_hp_per_floor":[74,63,40,45,45,51,51,57,57,31,31,37,33,39,39,33],"gold":370,"neow_bonus":"THREE_ENEMY_KILL","is_prod":false,"is_daily":false,"chose_seed":false,"campfire_upgraded":3,"win_rate":0,"timestamp":1637541931,"path_taken":["M","?","?","?","?","E","R","E","T","E","R","M","M","?","R","BOSS","BOSS"],"build_version":"2020-12-22","purchased_purges":0,"victory":false,"max_hp_per_floor":[75,75,75,80,80,80,80,80,80,80,80,80,80,80,80,80],"card_choices":[{"not_picked":["Havoc","Reckless Charge"],"picked":"Headbutt","floor":1.0},{"not_picked":["Intimidate","Headbutt"],"picked":"Whirlwind","floor":6.0},{"not_picked":["Metallicize","Fire Breathing"],"picked":"Pommel Strike","floor":8.0},{"not_picked":["Heavy Blade","Whirlwind"],"picked":"Clothesline","floor":10.0},{"not_picked":["Bloodletting","Uppercut"],"picked":"Brutality","floor":12.0},{"not_picked":["Ghostly Armor","Clothesline"],"picked":"Pommel Strike","floor":13.0},{"not_picked":["Havoc","Fire Breathing","Wild Strike"],"picked":"SKIP","floor":14.0}],"player_experience":2448642,"relics_obtained":[{"floor":5.0,"key":"The Courier"},{"floor":6.0,"key":"Ornamental Fan"},{"floor":8.0,"key":"Pen Nib"},{"floor":9.0,"key":"Ancient Tea Set"},{"floor":10.0,"key":"Sundial"}],"event_choices":[{"damage_healed":0.0,"max_hp_gain":0.0,"max_hp_loss":0.0,"gold_gain":75.0,"event_name":"World of Goop","player_choice":"Gather Gold","floor":2.0,"gold_loss":0.0,"damage_taken":11.0},{"damage_healed":0.0,"max_hp_gain":0.0,"max_hp_loss":0.0,"gold_gain":0.0,"event_name":"Shining Light","player_choice":"Entered Light","floor":3.0,"gold_loss":0.0,"damage_taken":23.0,"cards_upgraded":["Bash","Headbutt"]},{"damage_healed":0.0,"max_hp_gain":5.0,"max_hp_loss":0.0,"gold_gain":0.0,"event_name":"Big Fish","player_choice":"Donut","floor":4.0,"gold_loss":0.0,"damage_taken":0.0}],"is_beta":false,"boss_relics":[],"items_purged_floors":[],"is_endless":false,"potions_floor_spawned":[8,10,14,16],"killed_by":"Slime Boss","ascension_level":20}