{"gold_per_floor":[110,110,127,23,42,74,74,107,107,107,127,142,154,189,189,266,266,283,283,294,294,312,342,342,65,65,65,75,100,111,137,137,214,214,232,232,251,251,87,87,104,129,129,145,174,174,189,214,214,214,214,214,214,47,72,72],"floor_reached":57,"playtime":11404,"items_purged":["Strike_R","Strike_R","Strike_R"],"score":2784,"play_id":"f97eddb1-c5a3-42ba-9160-f570709c1dab","local_time":"20211123223126","is_ascension_mode":true,"campfire_choices":[{"data":"Bash","floor":7.0,"key":"SMITH"},{"data":"Feed","floor":10.0,"key":"SMITH"},{"data":"Flame Barrier","floor":15.0,"key":"SMITH"},{"data":"Rupture","floor":24,"key":"SMITH"},{"data":"Fiend Fire","floor":32,"key":"SMITH"},{"data":"Brutality","floor":40,"key":"SMITH"},{"floor":49,"key":"RECALL"},{"data":"Feel No Pain","floor":53,"key":"SMITH"}],"neow_cost":"NONE","seed_source_timestamp":951236668852500,"circlet_count":0,"master_deck":["AscendersBane","Strike_R","Defend_R","Defend_R","Defend_R","Defend_R","Bash+1","Shrug It Off","Cleave","Anger","Feed+1","Hemokinesis","Battle Trance","Feel No Pain+1","Flame Barrier+1","Reaper","Fiend Fire+1","Combust","Dark Embrace","Pain","Rupture+1","Power Through+1","Fiend Fire","Ghostly Armor+1","Ghostly+1","Ghostly+1","Ghostly+1","Shrug It Off+1","Pommel Strike","Warcry+1","Brutality+1","Shockwave+1","Warcry+1","True Grit+1","Pommel Strike"],"special_seed":0,"relics":["Burning Blood","NeowsBlessing","Self Forming Clay","Mummified Hand","Matryoshka","HornCleat","Velvet Choker","MutagenicStrength","WarpedTongs","Toxic Egg 2","Toy Ornithopter","Ornamental Fan","Charon\u0027s Ashes","Art of War","Busted Crown","Magic Flower","Red Skull","Ancient Tea Set","Lantern","Anchor","Pen Nib"],"potions_floor_usage":[22,23,56],"damage_taken":[{"damage":0.0,"enemies":"Small Slimes","floor":1.0,"turns":1.0},{"damage":0.0,"enemies":"Cultist","floor":3.0,"turns":1.0},{"damage":0.0,"enemies":"2 Louse","floor":5.0,"turns":1.0},{"damage":39.0,"enemies":"3 Sentries","floor":6.0,"turns":8.0},{"damage":7.0,"enemies":"Gremlin Nob","floor":8.0,"turns":3.0},{"damage":15.0,"enemies":"Gremlin Gang","floor":11.0,"turns":4.0},{"damage":3.0,"enemies":"Blue Slaver","floor":12.0,"turns":4.0},{"damage":6.0,"enemies":"Exordium Thugs","floor":13.0,"turns":3.0},{"damage":8.0,"enemies":"Lagavulin","floor":14.0,"turns":5.0},{"damage":41.0,"enemies":"The Guardian","floor":16.0,"turns":12.0},{"damage":14.0,"enemies":"Spheric Guardian","floor":18.0,"turns":4.0},{"damage":2,"enemies":"Chosen","floor":20,"turns":3},{"damage":20,"enemies":"Centurion and Healer","floor":22,"turns":9},{"damage":24,"enemies":"Book of Stabbing","floor":23,"turns":4},{"damage":6,"enemies":"Snake Plant","floor":28,"turns":4},{"damage":30,"enemies":"Slavers","floor":29,"turns":6},{"damage":3,"enemies":"Snecko","floor":30,"turns":3},{"damage":12,"enemies":"Gremlin Leader","floor":31,"turns":6},{"damage":40,"enemies":"Collector","floor":33,"turns":8},{"damage":8,"enemies":"3 Darklings","floor":35,"turns":4},{"damage":11,"enemies":"3 Shapes","floor":37,"turns":3},{"damage":7,"enemies":"3 Darklings","floor":41,"turns":3},{"damage":19,"enemies":"Mind Bloom Boss Battle","floor":42,"turns":6},{"damage":23,"enemies":"Jaw Worm Horde","floor":44,"turns":4},{"damage":12,"enemies":"Nemesis","floor":45,"turns":7},{"damage":17,"enemies":"4 Shapes","floor":47,"turns":4},{"damage":20,"enemies":"Giant Head","floor":48,"turns":6},{"damage":53,"enemies":"Awakened One","floor":50,"turns":9},{"damage":36,"enemies":"Donu and Deca","floor":51,"turns":7},{"damage":95,"enemies":"Shield and Spear","floor":55,"turns":10},{"damage":45,"enemies":"The Heart","floor":56,"turns":9}],"seed_played":"-6126526682778847160","potions_obtained":[{"floor":3.0,"key":"Fire Potion"},{"floor":5.0,"key":"Strength Potion"},{"floor":8.0,"key":"GamblersBrew"},{"floor":13.0,"key":"BlessingOfTheForge"},{"floor":18.0,"key":"Regen Potion"},{"floor":22,"key":"LiquidBronze"},{"floor":28,"key":"Energy Potion"},{"floor":29,"key":"AttackPotion"},{"floor":37,"key":"Weak Potion"},{"floor":48,"key":"Fire Potion"}],"is_trial":false,"path_per_floor":["M","?","M","$","M","E","R","E","T","R","M","M","M","E","R","B",null,"M","?","M","?","M","E","R","$","T","?","M","E","M","E","R","B",null,"M","?","M","?","$","R","M","?","T","M","E","?","M","E","R","B","B",null,"R","$","E","B",null],"character_chosen":"IRONCLAD","items_purchased":["Anger","Fiend Fire","Ghostly Armor+1","Shockwave+1","Anchor"],"campfire_rested":0,"item_purchase_floors":[4,25,25,39,54],"current_hp_per_floor":[74,74,75,75,75,45,45,44,44,44,39,46,50,48,48,23,76,72,72,83,83,73,63,63,63,63,49,53,57,57,61,61,45,60,69,66,70,70,70,70,70,68,68,60,63,63,79,77,77,90,69,88,88,88,62,67],"gold":72,"neow_bonus":"THREE_ENEMY_KILL","is_prod":false,"is_daily":false,"chose_seed":false,"campfire_upgraded":7,"win_rate":0,"timestamp":1637728286,"path_taken":["M","?","M","$","?","E","R","E","T","R","?","M","M","E","R","BOSS","M","?","M","?","?","E","R","$","T","?","M","E","M","E","R","BOSS","M","?","M","?","$","R","?","?","T","M","E","?","M","E","R","BOSS","BOSS","R","$","E","BOSS"],"build_version":"2020-12-22","purchased_purges":3,"victory":true,"max_hp_per_floor":[75,75,75,75,75,78,78,78,78,78,82,86,90,90,90,94,94,98,98,98,98,98,98,98,98,98,49,53,57,57,61,61,65,65,69,66,70,70,70,70,70,74,74,78,82,82,86,86,86,90,94,94,94,94,98,98],"card_choices":[{"not_picked":["Pummel","Anger"],"picked":"Shrug It Off","floor":1.0},{"not_picked":["Infernal Blade","Disarm"],"picked":"Cleave","floor":3.0},{"not_picked":["Heavy Blade","Clash"],"picked":"Feed","floor":5.0},{"not_picked":["Infernal Blade","Rage"],"picked":"Hemokinesis","floor":6.0},{"not_picked":["Shrug It Off","Wild Strike"],"picked":"Battle Trance","floor":8.0},{"not_picked":["Perfected Strike","Twin Strike","Clash"],"picked":"SKIP","floor":11.0},{"not_picked":["Flex","Clothesline"],"picked":"Feel No Pain","floor":12.0},{"not_picked":["Havoc","Pommel Strike"],"picked":"Flame Barrier","floor":13.0},{"not_picked":["Clothesline","Wild Strike"],"picked":"Reaper","floor":14.0},{"not_picked":["Immolate","Juggernaut"],"picked":"Fiend Fire","floor":16.0},{"not_picked":["Dark Embrace","Thunderclap"],"picked":"Combust","floor":18.0},{"not_picked":["Flex","Feel No Pain"],"picked":"Dark Embrace","floor":20},{"not_picked":["Sword Boomerang","Thunderclap+1"],"picked":"Rupture","floor":22},{"not_picked":["Pommel Strike","Armaments+1"],"picked":"Power Through+1","floor":23},{"not_picked":["Body Slam","Dual Wield+1"],"picked":"Shrug It Off+1","floor":28},{"not_picked":["Flex+1","Intimidate+1","Pummel"],"picked":"SKIP","floor":29},{"not_picked":["Twin Strike","Seeing Red+1"],"picked":"Pommel Strike","floor":30},{"not_picked":["Iron Wave","Searing Blow"],"picked":"Warcry+1","floor":31},{"not_picked":["Demon Form","Double Tap+1"],"picked":"Brutality","floor":33},{"not_picked":["Wild Strike"],"picked":"SKIP","floor":35},{"not_picked":["Flex+1"],"picked":"SKIP","floor":37},{"not_picked":[],"picked":"Warcry+1","floor":41},{"not_picked":[],"picked":"True Grit+1","floor":44},{"not_picked":[],"picked":"Pommel Strike","floor":45},{"not_picked":["Rage+1"],"picked":"SKIP","floor":47},{"not_picked":["Intimidate+1"],"picked":"SKIP","floor":48},{"not_picked":["Headbutt"],"picked":"SKIP","floor":55}],"player_experience":2450324,"relics_obtained":[{"floor":6.0,"key":"Self Forming Clay"},{"floor":8.0,"key":"Mummified Hand"},{"floor":9.0,"key":"Matryoshka"},{"floor":14.0,"key":"HornCleat"},{"floor":23,"key":"Toxic Egg 2"},{"floor":26,"key":"Toy Ornithopter"},{"floor":26,"key":"Ornamental Fan"},{"floor":29,"key":"Charon\u0027s Ashes"},{"floor":31,"key":"Art of War"},{"floor":42,"key":"Magic Flower"},{"floor":43,"key":"Red Skull"},{"floor":45,"key":"Ancient Tea Set"},{"floor":48,"key":"Lantern"},{"floor":55,"key":"Pen Nib"}],"event_choices":[{"cards_removed":["Strike_R"],"damage_healed":0.0,"max_hp_gain":0.0,"max_hp_loss":0.0,"gold_gain":0.0,"event_name":"Bonfire Elementals","player_choice":"Offered Basic","floor":2.0,"gold_loss":0.0,"damage_taken":0.0},{"damage_healed":0,"gold_gain":0,"player_choice":"Inject Mutagens","damage_taken":0,"relics_obtained":["MutagenicStrength"],"max_hp_gain":0,"max_hp_loss":0,"event_name":"Drug Dealer","floor":19,"gold_loss":0},{"damage_healed":0,"gold_gain":0,"player_choice":"Rummage","damage_taken":0,"relics_obtained":["WarpedTongs"],"max_hp_gain":0,"max_hp_loss":0,"event_name":"Accursed Blacksmith","floor":21,"gold_loss":0,"cards_obtained":["Pain"]},{"damage_healed":0,"gold_gain":0,"player_choice":"Became a Ghost","damage_taken":0,"max_hp_gain":0,"max_hp_loss":49,"event_name":"Ghosts","floor":27,"gold_loss":0,"cards_obtained":["Ghostly","Ghostly","Ghostly"]},{"damage_healed":0,"gold_gain":0,"player_choice":"Max HP","damage_taken":0,"max_hp_gain":0,"max_hp_loss":3,"event_name":"Winding Halls","floor":36,"gold_loss":0},{"damage_healed":0,"gold_gain":0,"player_choice":"Got Potions","damage_taken":0,"max_hp_gain":0,"max_hp_loss":0,"event_name":"Lab","floor":38,"gold_loss":0},{"damage_healed":0,"gold_gain":0,"player_choice":"Fight","damage_taken":0,"max_hp_gain":0,"max_hp_loss":0,"event_name":"MindBloom","floor":42,"gold_loss":0},{"damage_healed":0,"gold_gain":0,"player_choice":"Ignored","damage_taken":0,"max_hp_gain":0,"max_hp_loss":0,"event_name":"Fountain of Cleansing","floor":46,"gold_loss":0}],"is_beta":false,"boss_relics":[{"not_picked":["Fusion Hammer","Ectoplasm"],"picked":"Velvet Choker"},{"not_picked":["Cursed Key","Sozu"],"picked":"Busted Crown"}],"items_purged_floors":[4,25,39],"is_endless":false,"potions_floor_spawned":[3,5,8,13,18,22,28,29,37,44,48],"ascension_level":20}