{"gold_per_floor":[110,110,130,130,5,32,32,48,48,80,80,100,56,85,85,85],"floor_reached":16,"playtime":494,"items_purged":["Strike_R"],"score":236,"play_id":"7f02ddaa-95e1-43c5-aa24-5a9d7b95a1db","local_time":"20211121210250","is_ascension_mode":true,"campfire_choices":[{"data":"1","floor":7,"key":"LIFT"},{"data":"Whirlwind","floor":15,"key":"SMITH"}],"neow_cost":"PERCENT_DAMAGE","seed_source_timestamp":0,"circlet_count":0,"master_deck":["AscendersBane","Strike_R","Strike_R","Strike_R","Defend_R","Defend_R","Defend_R","Defend_R","Bash+1","Clothesline","Spot Weakness","Shrug It Off","Whirlwind+1","Wild Strike","Carnage"],"special_seed":0,"relics":["Burning Blood","Gambling Chip","Girya","Letter Opener","Akabeko","Centennial Puzzle"],"potions_floor_usage":[14],"damage_taken":[{"damage":7.0,"enemies":"Cultist","floor":1.0,"turns":4.0},{"damage":3.0,"enemies":"Small Slimes","floor":3.0,"turns":4.0},{"damage":27,"enemies":"Gremlin Nob","floor":6,"turns":4},{"damage":2,"enemies":"Jaw Worm","floor":8,"turns":3},{"damage":22,"enemies":"Lagavulin","floor":10,"turns":5},{"damage":12,"enemies":"Exordium Wildlife","floor":12,"turns":2},{"damage":10,"enemies":"3 Sentries","floor":14,"turns":2},{"damage":0,"enemies":"Slime Boss","floor":16,"turns":1}],"seed_played":"-8306550386515159127","potions_obtained":[{"floor":8,"key":"BloodPotion"},{"floor":14,"key":"PowerPotion"}],"is_trial":false,"path_per_floor":["M","?","M","?","$","E","R","M","T","E","?","M","$","E","R","B"],"character_chosen":"IRONCLAD","items_purchased":["Shrug It Off","Carnage"],"campfire_rested":0,"item_purchase_floors":[5,13],"current_hp_per_floor":[49,49,52,52,52,31,31,35,35,19,19,13,13,24,24,24],"gold":85,"neow_bonus":"ONE_RARE_RELIC","is_prod":false,"is_daily":false,"chose_seed":false,"campfire_upgraded":1,"win_rate":0,"timestamp":1637550170,"path_taken":["M","?","M","?","$","E","R","M","T","E","?","M","$","E","R","BOSS"],"build_version":"2020-12-22","purchased_purges":1,"victory":false,"max_hp_per_floor":[75,75,75,75,75,75,75,75,75,75,75,75,75,75,75,75],"card_choices":[{"not_picked":["Perfected Strike","Pummel"],"picked":"Clothesline","floor":1.0},{"not_picked":["Sentinel","Iron Wave"],"picked":"Spot Weakness","floor":3.0},{"not_picked":["Dual Wield","Havoc","Headbutt"],"picked":"SKIP","floor":6},{"not_picked":["True Grit","Intimidate","Burning Pact"],"picked":"SKIP","floor":8},{"not_picked":["Searing Blow","Headbutt"],"picked":"Whirlwind","floor":10},{"not_picked":["Bloodletting","Fire Breathing"],"picked":"Wild Strike","floor":12},{"not_picked":["Feel No Pain","Intimidate","Wild Strike"],"picked":"SKIP","floor":14}],"player_experience":2448983,"relics_obtained":[{"floor":6,"key":"Girya"},{"floor":9,"key":"Letter Opener"},{"floor":10,"key":"Akabeko"},{"floor":14,"key":"Centennial Puzzle"}],"event_choices":[{"damage_healed":0.0,"max_hp_gain":0.0,"max_hp_loss":0.0,"gold_gain":0.0,"event_name":"Scrap Ooze","player_choice":"Fled","floor":2.0,"gold_loss":0.0,"damage_taken":0.0},{"damage_healed":0.0,"max_hp_gain":0.0,"max_hp_loss":0.0,"gold_gain":0.0,"event_name":"Living Wall","player_choice":"Grow","floor":4.0,"gold_loss":0.0,"damage_taken":0.0,"cards_upgraded":["Bash"]},{"cards_removed":["Strike_R"],"damage_healed":0,"gold_gain":0,"player_choice":"Offered Basic","damage_taken":0,"max_hp_gain":0,"max_hp_loss":0,"event_name":"Bonfire Elementals","floor":11,"gold_loss":0}],"is_beta":false,"boss_relics":[],"items_purged_floors":[5],"is_endless":false,"potions_floor_spawned":[8,14],"killed_by":"Slime Boss","ascension_level":20}