{"gold_per_floor":[216,234,253,11,31,31,63,63,86,117,127,127,27,56,56,133,133,150,150,162,162,29,54,71,104,131,6,6,22,57,77,77,154,154,174,174,193,209,221,248,261,290,337,369,385,416,416,25,25,25,25,25,25,25,57,57],"floor_reached":56,"playtime":3372,"items_purged":["Strike_R","Strike_R","Writhe","Parasite"],"score":2194,"play_id":"3db03a0e-c7e7-424c-9fcb-97535b1ffaaa","local_time":"20211116204002","is_ascension_mode":true,"campfire_choices":[{"data":"Carnage","floor":6.0,"key":"SMITH"},{"data":"Bash","floor":8.0,"key":"SMITH"},{"data":"Shockwave","floor":12.0,"key":"SMITH"},{"data":"Metallicize","floor":15.0,"key":"SMITH"},{"data":"Whirlwind","floor":28.0,"key":"SMITH"},{"data":"RitualDagger","floor":32.0,"key":"SMITH"},{"data":"Flame Barrier","floor":47,"key":"SMITH"},{"floor":49,"key":"RECALL"},{"floor":53,"key":"REST"}],"neow_cost":"NONE","seed_source_timestamp":347569124249400,"circlet_count":0,"master_deck":["AscendersBane","Strike_R","Strike_R","Strike_R","Defend_R","Defend_R","Defend_R","Defend_R","Bash+1","Carnage+1","Metallicize+1","Anger","Shockwave+1","Flame Barrier+1","Flame Barrier+1","Fiend Fire+1","Havoc+1","Ghostly","Ghostly","Ghostly","RitualDagger+1","Feel No Pain","Shrug It Off","Battle Trance+1","Whirlwind+1","Feed","Corruption","Power Through+1","Rage+1","Entrench","Bloodletting+1","Shrug It Off","Dual Wield","Shrug It Off+1"],"special_seed":0,"relics":["Burning Blood","Chemical X","Akabeko","Centennial Puzzle","Vajra","Pear","Cursed Key","Blue Candle","StoneCalendar","Happy Flower","Pen Nib","SacredBark","PreservedInsect","HornCleat","War Paint","Boot","TheAbacus","Bag of Marbles"],"potions_floor_usage":[40,51,51],"damage_taken":[{"damage":8.0,"enemies":"Cultist","floor":1.0,"turns":5.0},{"damage":1.0,"enemies":"Small Slimes","floor":2.0,"turns":3.0},{"damage":7.0,"enemies":"Jaw Worm","floor":3.0,"turns":3.0},{"damage":26.0,"enemies":"Exordium Thugs","floor":5.0,"turns":4.0},{"damage":8.0,"enemies":"Gremlin Nob","floor":7.0,"turns":3.0},{"damage":19.0,"enemies":"Lagavulin","floor":10.0,"turns":5.0},{"damage":0.0,"enemies":"Gremlin Gang","floor":11.0,"turns":4.0},{"damage":0.0,"enemies":"Gremlin Nob","floor":14.0,"turns":3.0},{"damage":23.0,"enemies":"Slime Boss","floor":16.0,"turns":12.0},{"damage":6.0,"enemies":"3 Byrds","floor":18.0,"turns":4.0},{"damage":11.0,"enemies":"Shell Parasite","floor":20.0,"turns":4.0},{"damage":2.0,"enemies":"Slavers","floor":23.0,"turns":4.0},{"damage":0.0,"enemies":"Chosen and Byrds","floor":24.0,"turns":7.0},{"damage":12.0,"enemies":"Book of Stabbing","floor":25.0,"turns":7.0},{"damage":0.0,"enemies":"3 Cultists","floor":29.0,"turns":3.0},{"damage":0.0,"enemies":"Gremlin Leader","floor":30.0,"turns":5.0},{"damage":1.0,"enemies":"Snecko","floor":31.0,"turns":4.0},{"damage":33.0,"enemies":"Collector","floor":33.0,"turns":8.0},{"damage":0,"enemies":"3 Darklings","floor":35,"turns":1},{"damage":1,"enemies":"Orb Walker","floor":37,"turns":3},{"damage":0,"enemies":"Spire Growth","floor":38,"turns":4},{"damage":2,"enemies":"Sphere and 2 Shapes","floor":39,"turns":2},{"damage":1,"enemies":"Giant Head","floor":40,"turns":7},{"damage":6,"enemies":"Maw","floor":41,"turns":6},{"damage":4,"enemies":"Nemesis","floor":42,"turns":3},{"damage":10,"enemies":"Giant Head","floor":44,"turns":5},{"damage":4,"enemies":"Jaw Worm Horde","floor":45,"turns":6},{"damage":9,"enemies":"Reptomancer","floor":46,"turns":5},{"damage":40,"enemies":"Donu and Deca","floor":50,"turns":10},{"damage":20,"enemies":"Awakened One","floor":51,"turns":13},{"damage":11,"enemies":"Shield and Spear","floor":55,"turns":6},{"damage":54,"enemies":"The Heart","floor":56,"turns":3}],"seed_played":"-3544509168806260401","potions_obtained":[{"floor":1.0,"key":"Swift Potion"},{"floor":5.0,"key":"Weak Potion"},{"floor":14.0,"key":"SpeedPotion"},{"floor":18.0,"key":"PowerPotion"},{"floor":23.0,"key":"SpeedPotion"},{"floor":29.0,"key":"ElixirPotion"},{"floor":35,"key":"SneckoOil"},{"floor":38,"key":"Fruit Juice"},{"floor":40,"key":"EssenceOfSteel"},{"floor":46,"key":"SpeedPotion"}],"is_trial":false,"path_per_floor":["M","M","M","$","M","R","E","R","T","E","M","R","$","E","R","B",null,"M","?","M","?","$","E","M","E","T","$","R","M","E","M","R","B",null,"M","?","M","M","M","E","M","E","T","E","M","E","R","$","R","B","B",null,"R","$","E","B"],"character_chosen":"IRONCLAD","items_purchased":["Chemical X","Feel No Pain","Shrug It Off","TheAbacus","Dual Wield"],"campfire_rested":1,"item_purchase_floors":[4,22,22,48,48],"current_hp_per_floor":[66,71,70,70,50,50,48,48,48,35,41,41,41,57,57,40,74,74,42,37,31,31,35,41,35,35,35,35,41,42,42,42,15,35,41,41,42,42,42,52,52,55,55,51,56,53,53,53,53,22,8,46,58,58,53,0],"gold":57,"neow_bonus":"HUNDRED_GOLD","is_prod":false,"is_daily":false,"chose_seed":false,"campfire_upgraded":7,"win_rate":0,"timestamp":1637116802,"path_taken":["M","M","?","$","M","R","E","R","T","E","M","R","$","E","R","BOSS","M","?","M","?","$","E","M","E","T","?","R","?","E","?","R","BOSS","M","?","?","M","M","E","M","E","T","E","M","E","R","$","R","BOSS","BOSS","R","$","E","BOSS"],"build_version":"2020-12-22","purchased_purges":4,"victory":false,"max_hp_per_floor":[75,75,75,75,75,75,75,75,75,75,75,75,75,85,85,85,85,85,42,42,42,42,42,42,42,42,42,42,42,42,42,42,42,42,42,42,42,42,42,52,52,55,55,55,58,58,58,55,55,58,58,58,58,58,58,58],"card_choices":[{"not_picked":["Dropkick","Twin Strike"],"picked":"Carnage","floor":1.0},{"not_picked":["Wild Strike","Sentinel"],"picked":"Metallicize","floor":2.0},{"not_picked":["Dual Wield","Perfected Strike"],"picked":"Anger","floor":3.0},{"not_picked":["Sword Boomerang","Heavy Blade","True Grit"],"picked":"SKIP","floor":5.0},{"not_picked":["Warcry","Heavy Blade","Body Slam"],"picked":"SKIP","floor":7.0},{"not_picked":["Cleave","Uppercut"],"picked":"Shockwave","floor":10.0},{"not_picked":["Thunderclap","Rupture"],"picked":"Flame Barrier","floor":11.0},{"not_picked":["Second Wind","Carnage"],"picked":"Flame Barrier","floor":14.0},{"not_picked":["Juggernaut","Brutality"],"picked":"Fiend Fire","floor":16.0},{"not_picked":["Intimidate","Body Slam"],"picked":"Havoc+1","floor":18.0},{"not_picked":["Ghostly Armor","Wild Strike","Combust+1"],"picked":"SKIP","floor":20.0},{"not_picked":["Metallicize+1","Shrug It Off"],"picked":"Battle Trance+1","floor":23.0},{"not_picked":["Evolve","Rampage","True Grit"],"picked":"SKIP","floor":24.0},{"not_picked":["Bloodletting","Rampage"],"picked":"Whirlwind","floor":25.0},{"not_picked":["Heavy Blade","Anger","Rampage"],"picked":"SKIP","floor":29.0},{"not_picked":["Infernal Blade","Twin Strike"],"picked":"Feed","floor":30.0},{"not_picked":["Cleave","Reckless Charge","Ghostly Armor"],"picked":"SKIP","floor":31.0},{"not_picked":["Juggernaut","Fiend Fire"],"picked":"Corruption","floor":33.0},{"not_picked":["Thunderclap","Pommel Strike"],"picked":"Power Through+1","floor":35},{"not_picked":["Flex","Thunderclap+1"],"picked":"Rage","floor":37},{"not_picked":["Inflame","True Grit","Anger+1"],"picked":"SKIP","floor":38},{"not_picked":["Ghostly Armor","Clash+1"],"picked":"Entrench","floor":39},{"not_picked":["Wild Strike","Armaments"],"picked":"Bloodletting+1","floor":40},{"not_picked":["Blood for Blood","Clash","Rage+1"],"picked":"SKIP","floor":41},{"not_picked":["Hemokinesis","Fire Breathing"],"picked":"Shrug It Off","floor":42},{"not_picked":["Clash","Blood for Blood","Bludgeon"],"picked":"SKIP","floor":44},{"not_picked":["Flex","Sever Soul+1","Heavy Blade+1"],"picked":"SKIP","floor":45},{"not_picked":["Warcry","Cleave+1","Clothesline"],"picked":"SKIP","floor":46},{"not_picked":["Twin Strike","Juggernaut"],"picked":"Shrug It Off+1","floor":55}],"player_experience":2431362,"relics_obtained":[{"floor":7.0,"key":"Akabeko"},{"floor":9.0,"key":"Centennial Puzzle"},{"floor":10.0,"key":"Vajra"},{"floor":14.0,"key":"Pear"},{"floor":23.0,"key":"Blue Candle"},{"floor":25.0,"key":"StoneCalendar"},{"floor":26.0,"key":"Happy Flower"},{"floor":30.0,"key":"Pen Nib"},{"floor":40,"key":"PreservedInsect"},{"floor":42,"key":"HornCleat"},{"floor":44,"key":"War Paint"},{"floor":46,"key":"Boot"},{"floor":55,"key":"Bag of Marbles"}],"event_choices":[{"damage_healed":0.0,"max_hp_gain":0.0,"max_hp_loss":43.0,"gold_gain":0.0,"event_name":"Ghosts","player_choice":"Became a Ghost","floor":19.0,"gold_loss":0.0,"damage_taken":0.0,"cards_obtained":["Ghostly","Ghostly","Ghostly"]},{"damage_healed":0.0,"max_hp_gain":0.0,"max_hp_loss":0.0,"gold_gain":0.0,"event_name":"Nest","player_choice":"Joined the Cult","floor":21.0,"gold_loss":0.0,"damage_taken":6.0,"cards_obtained":["RitualDagger"]},{"damage_healed":0,"gold_gain":0,"player_choice":"Forge","damage_taken":0,"max_hp_gain":0,"max_hp_loss":0,"event_name":"Accursed Blacksmith","floor":36,"gold_loss":0,"cards_upgraded":["Fiend Fire"]}],"is_beta":false,"boss_relics":[{"not_picked":["Philosopher\u0027s Stone","Ectoplasm"],"picked":"Cursed Key"},{"not_picked":["Pandora\u0027s Box","Black Blood"],"picked":"SacredBark"}],"items_purged_floors":[4,13,27,48],"is_endless":false,"potions_floor_spawned":[1,5,14,18,23,29,31,35,38,40,45,46],"killed_by":"The Heart","ascension_level":20}