{"gold_per_floor":[115,190,201,214,226,261,275,302,302,302,302,302,1,13,13,88,88],"floor_reached":17,"playtime":833,"items_purged":["Strike_R"],"score":434,"play_id":"89e271d6-2506-4771-9d65-c8bf01e6195b","local_time":"20211119224140","is_ascension_mode":true,"campfire_choices":[{"floor":12,"key":"REST"},{"data":"Fiend Fire","floor":15,"key":"SMITH"}],"neow_cost":"NONE","seed_source_timestamp":616848484836600,"circlet_count":0,"master_deck":["AscendersBane","Defend_R","Defend_R+1","Defend_R","Defend_R","Bash","Battle Trance","Iron Wave","Uppercut+1","Anger","Battle Trance","Fiend Fire+1","Pommel Strike","Shrug It Off","Feed","Second Wind+1","Hemokinesis+1","Fire Breathing+1"],"special_seed":0,"relics":["Burning Blood","Tiny Chest","Potion Belt","Astrolabe"],"potions_floor_usage":[],"damage_taken":[{"damage":0.0,"enemies":"Small Slimes","floor":1.0,"turns":4.0},{"damage":4.0,"enemies":"2 Louse","floor":3.0,"turns":4.0},{"damage":2.0,"enemies":"Cultist","floor":4.0,"turns":4.0},{"damage":5.0,"enemies":"2 Fungi Beasts","floor":5.0,"turns":3.0},{"damage":20.0,"enemies":"Lagavulin","floor":6.0,"turns":7.0},{"damage":8.0,"enemies":"Blue Slaver","floor":7.0,"turns":2.0},{"damage":25,"enemies":"3 Sentries","floor":8,"turns":8},{"damage":0,"enemies":"Exordium Wildlife","floor":14,"turns":2},{"damage":0,"enemies":"Slime Boss","floor":16,"turns":5}],"seed_played":"4526807125206007228","potions_obtained":[{"floor":0.0,"key":"DistilledChaos"},{"floor":0.0,"key":"SpeedPotion"},{"floor":3.0,"key":"SkillPotion"},{"floor":14,"key":"BlessingOfTheForge"},{"floor":16,"key":"Ancient Potion"}],"is_trial":false,"path_per_floor":["M","?","M","M","M","E","M","E","T","?","?","R","$","M","R","B",null],"character_chosen":"IRONCLAD","items_purchased":["Fiend Fire","Pommel Strike"],"campfire_rested":1,"item_purchase_floors":[13,13],"current_hp_per_floor":[74,63,65,69,70,56,54,35,35,12,12,34,34,40,40,46,46],"gold":88,"neow_bonus":"THREE_SMALL_POTIONS","is_prod":false,"is_daily":false,"chose_seed":false,"campfire_upgraded":1,"win_rate":0,"timestamp":1637383300,"path_taken":["M","?","M","M","M","E","M","E","T","?","?","R","$","M","R","BOSS"],"build_version":"2020-12-22","purchased_purges":1,"victory":false,"max_hp_per_floor":[75,75,75,75,75,75,75,75,75,75,75,75,75,75,75,75,75],"card_choices":[{"not_picked":["Headbutt","Bloodletting"],"picked":"Battle Trance","floor":1.0},{"not_picked":["Heavy Blade","Flex"],"picked":"Iron Wave","floor":3.0},{"not_picked":["Combust","Anger"],"picked":"Uppercut","floor":4.0},{"not_picked":["Inflame","Perfected Strike"],"picked":"Anger","floor":5.0},{"not_picked":["Anger","Clash","Uppercut"],"picked":"SKIP","floor":6.0},{"not_picked":["Wild Strike","True Grit","Anger"],"picked":"SKIP","floor":7.0},{"not_picked":["Rampage","Sword Boomerang"],"picked":"Battle Trance","floor":8},{"not_picked":["Twin Strike","Dual Wield"],"picked":"Shrug It Off","floor":14},{"not_picked":["Fiend Fire","Bludgeon"],"picked":"Feed","floor":16}],"player_experience":2436509,"relics_obtained":[{"floor":6.0,"key":"Tiny Chest"},{"floor":8,"key":"Potion Belt"}],"event_choices":[{"damage_healed":0.0,"max_hp_gain":0.0,"max_hp_loss":0.0,"gold_gain":75.0,"event_name":"World of Goop","player_choice":"Gather Gold","floor":2.0,"gold_loss":0.0,"damage_taken":11.0},{"damage_healed":0,"gold_gain":0,"player_choice":"Entered Light","damage_taken":23,"max_hp_gain":0,"max_hp_loss":0,"event_name":"Shining Light","floor":10,"gold_loss":0,"cards_upgraded":["Defend_R","Uppercut"]},{"cards_removed":["Strike_R"],"damage_healed":0,"gold_gain":0,"player_choice":"Offered Basic","damage_taken":0,"max_hp_gain":0,"max_hp_loss":0,"event_name":"Bonfire Elementals","floor":11,"gold_loss":0}],"is_beta":false,"boss_relics":[{"not_picked":["Black Star","Runic Dome"],"picked":"Astrolabe"}],"items_purged_floors":[13],"is_endless":false,"potions_floor_spawned":[3,4,14,16],"ascension_level":20}