{"gold_per_floor":[110,125,125,43,57,57,72,99,125,159,173,173,173,194,194,280,280,300,43,65,65,87,87,127,152,177,218,218,247,297,339,339,427,436,459,471,483,52,70,70,93,128,204,213,228,29,29,70,70,70],"floor_reached":50,"playtime":3203,"items_purged":["Strike_R","Anger","Strike_R+1"],"score":1190,"play_id":"1210b256-1069-4726-8fc3-f2ea3e838958","local_time":"20211120144853","is_ascension_mode":true,"campfire_choices":[{"data":"Armaments","floor":6.0,"key":"SMITH"},{"data":"Shockwave","floor":12.0,"key":"SMITH"},{"data":"Fiend Fire","floor":15.0,"key":"SMITH"},{"data":"Flame Barrier","floor":23.0,"key":"SMITH"},{"data":"Fiend Fire","floor":28.0,"key":"SMITH"},{"data":"Uppercut","floor":32.0,"key":"SMITH"},{"data":"Impervious","floor":40.0,"key":"SMITH"},{"data":"Double Tap","floor":47,"key":"SMITH"},{"floor":49,"key":"RECALL"}],"neow_cost":"TEN_PERCENT_HP_LOSS","seed_source_timestamp":672520646406700,"circlet_count":0,"master_deck":["AscendersBane","Strike_R+1","Defend_R+1","Defend_R+1","Defend_R+1","Defend_R+1","Bash","Perfected Strike","Armaments+1","Clothesline","Iron Wave","Ghostly Armor","Shockwave+1","Hemokinesis","Fiend Fire+1","Impervious+1","Clothesline","Flame Barrier+1","Battle Trance","Whirlwind+1","Pommel Strike","Fiend Fire+1","Uppercut+1","Offering","Impervious","CurseOfTheBell","Double Tap+1","Shrug It Off+1","Iron Wave","Impervious","Pommel Strike+1"],"special_seed":0,"relics":["Burning Blood","Turnip","Nunchaku","CeramicFish","Anchor","Snecko Eye","Sling","Vajra","MealTicket","Question Card","StoneCalendar","Calling Bell","MawBank","White Beast Statue","Mango","Incense Burner","Omamori","Calipers"],"potions_floor_usage":[50,50],"damage_taken":[{"damage":12.0,"enemies":"Small Slimes","floor":1.0,"turns":5.0},{"damage":1.0,"enemies":"Cultist","floor":2.0,"turns":3.0},{"damage":8.0,"enemies":"2 Louse","floor":5.0,"turns":3.0},{"damage":15.0,"enemies":"Large Slime","floor":7.0,"turns":6.0},{"damage":15.0,"enemies":"3 Sentries","floor":8.0,"turns":7.0},{"damage":24.0,"enemies":"Gremlin Nob","floor":10.0,"turns":4.0},{"damage":2.0,"enemies":"2 Fungi Beasts","floor":11.0,"turns":3.0},{"damage":0.0,"enemies":"Exordium Wildlife","floor":14.0,"turns":4.0},{"damage":37.0,"enemies":"The Guardian","floor":16.0,"turns":15.0},{"damage":7.0,"enemies":"3 Byrds","floor":18.0,"turns":5.0},{"damage":0.0,"enemies":"Chosen","floor":20.0,"turns":3.0},{"damage":7.0,"enemies":"Snake Plant","floor":22.0,"turns":3.0},{"damage":4.0,"enemies":"Slavers","floor":24.0,"turns":5.0},{"damage":6.0,"enemies":"Sentry and Sphere","floor":25.0,"turns":4.0},{"damage":0.0,"enemies":"Gremlin Leader","floor":27.0,"turns":3.0},{"damage":6.0,"enemies":"Cultist and Chosen","floor":29.0,"turns":3.0},{"damage":28.0,"enemies":"Slavers","floor":31.0,"turns":3.0},{"damage":30.0,"enemies":"Champ","floor":33.0,"turns":9.0},{"damage":10.0,"enemies":"3 Shapes","floor":35.0,"turns":4.0},{"damage":0.0,"enemies":"3 Darklings","floor":39.0,"turns":3.0},{"damage":7.0,"enemies":"Sphere and 2 Shapes","floor":41.0,"turns":4.0},{"damage":15.0,"enemies":"Reptomancer","floor":42.0,"turns":4.0},{"damage":6,"enemies":"Jaw Worm Horde","floor":45,"turns":3},{"damage":16,"enemies":"Nemesis","floor":48,"turns":7},{"damage":63,"enemies":"Donu and Deca","floor":50,"turns":9}],"seed_played":"1138753335213773542","potions_obtained":[{"floor":7.0,"key":"DistilledChaos"},{"floor":8.0,"key":"EssenceOfSteel"},{"floor":10.0,"key":"Energy Potion"},{"floor":24.0,"key":"EssenceOfSteel"},{"floor":25.0,"key":"Explosive Potion"},{"floor":31.0,"key":"DuplicationPotion"},{"floor":41.0,"key":"Energy Potion"},{"floor":42.0,"key":"Fire Potion"},{"floor":48,"key":"LiquidMemories"}],"is_trial":false,"path_per_floor":["M","M","?","$","M","R","M","E","T","E","M","R","?","M","R","B",null,"M","$","M","?","M","R","E","M","T","E","R","M","?","E","R","B",null,"M","?","?","$","M","R","M","E","T","?","M","$","R","E","R","B"],"character_chosen":"IRONCLAD","items_purchased":["Clothesline","FearPotion","Clothesline","Sling","Incense Burner","Impervious"],"campfire_rested":0,"item_purchase_floors":[4,4,19,19,38,46],"current_hp_per_floor":[62,67,67,67,65,65,56,47,47,29,33,33,33,39,39,8,53,52,52,58,58,57,57,59,59,59,65,65,65,65,43,43,19,70,66,66,66,78,78,78,77,68,68,68,68,78,78,68,68,5],"gold":70,"neow_bonus":"ONE_RARE_RELIC","is_prod":false,"is_daily":false,"chose_seed":false,"campfire_upgraded":8,"win_rate":0,"timestamp":1637441333,"path_taken":["M","M","?","?","M","R","M","E","T","E","?","R","?","M","R","BOSS","M","$","?","?","M","R","E","M","T","E","R","M","?","E","R","BOSS","M","?","?","?","M","R","M","E","T","?","?","?","R","E","R","BOSS"],"build_version":"2020-12-22","purchased_purges":3,"victory":false,"max_hp_per_floor":[68,68,68,68,68,68,68,68,68,68,68,68,68,68,68,68,68,68,68,68,68,68,68,68,68,68,68,68,68,68,68,68,68,82,82,82,78,78,78,78,78,78,78,78,78,78,78,78,78,78],"card_choices":[{"not_picked":["Body Slam","Sword Boomerang"],"picked":"Anger","floor":1.0},{"not_picked":["Thunderclap","Headbutt"],"picked":"Perfected Strike","floor":2.0},{"not_picked":["Feel No Pain","Blood for Blood"],"picked":"Iron Wave","floor":5.0},{"not_picked":["Body Slam","True Grit"],"picked":"Ghostly Armor","floor":7.0},{"not_picked":["Armaments","Warcry"],"picked":"Shockwave","floor":8.0},{"not_picked":["Sword Boomerang","Flex"],"picked":"Hemokinesis","floor":10.0},{"not_picked":["Rage","Pummel","Sentinel"],"picked":"SKIP","floor":11.0},{"not_picked":["Sever Soul","Flame Barrier"],"picked":"Fiend Fire","floor":14.0},{"not_picked":["Barricade","Juggernaut"],"picked":"Impervious","floor":16.0},{"not_picked":["Warcry+1","Flex+1","Thunderclap"],"picked":"SKIP","floor":18.0},{"not_picked":["Body Slam+1","Dual Wield"],"picked":"Flame Barrier","floor":20.0},{"not_picked":["Sword Boomerang","Dual Wield"],"picked":"Battle Trance","floor":22.0},{"not_picked":["Headbutt+1","Twin Strike"],"picked":"Whirlwind+1","floor":24.0},{"not_picked":["Rampage","Combust"],"picked":"Pommel Strike","floor":25.0},{"not_picked":["Evolve+1","Entrench"],"picked":"Fiend Fire","floor":27.0},{"not_picked":["Cleave","Anger","Thunderclap"],"picked":"Uppercut","floor":29.0},{"not_picked":["Body Slam","Shockwave","Warcry+1"],"picked":"Offering","floor":31.0},{"not_picked":["Offering","Brutality","Exhume"],"picked":"Impervious","floor":33.0},{"not_picked":["Armaments","Body Slam","Heavy Blade","Twin Strike"],"picked":"SKIP","floor":35.0},{"not_picked":["Wild Strike","Flex","Ghostly Armor","Twin Strike"],"picked":"SKIP","floor":39.0},{"not_picked":["Pommel Strike","Evolve","Searing Blow"],"picked":"Double Tap","floor":41.0},{"not_picked":["Iron Wave","Infernal Blade","Armaments"],"picked":"Shrug It Off+1","floor":42.0},{"not_picked":["Flex+1","Clash+1","Headbutt","Wild Strike+1"],"picked":"SKIP","floor":45},{"not_picked":["Whirlwind+1","Fire Breathing","Combust"],"picked":"Pommel Strike+1","floor":48}],"player_experience":2440473,"relics_obtained":[{"floor":8.0,"key":"Nunchaku"},{"floor":9.0,"key":"CeramicFish"},{"floor":10.0,"key":"Anchor"},{"floor":24.0,"key":"Vajra"},{"floor":26.0,"key":"MealTicket"},{"floor":27.0,"key":"Question Card"},{"floor":31.0,"key":"StoneCalendar"},{"floor":34.0,"key":"MawBank"},{"floor":34.0,"key":"White Beast Statue"},{"floor":34.0,"key":"Mango"},{"floor":42.0,"key":"Omamori"},{"floor":48,"key":"Calipers"}],"event_choices":[{"damage_healed":0.0,"max_hp_gain":0.0,"max_hp_loss":0.0,"gold_gain":0.0,"event_name":"Match and Keep!","player_choice":"1 cards matched","floor":3.0,"gold_loss":0.0,"damage_taken":0.0,"cards_obtained":["Armaments"]},{"cards_removed":["Strike_R"],"damage_healed":0.0,"max_hp_gain":0.0,"max_hp_loss":0.0,"gold_gain":0.0,"event_name":"Purifier","player_choice":"Purged","floor":13.0,"gold_loss":0.0,"damage_taken":0.0},{"damage_healed":0.0,"max_hp_gain":0.0,"max_hp_loss":0.0,"gold_gain":0.0,"event_name":"Back to Basics","player_choice":"Simplicity","floor":21.0,"gold_loss":0.0,"damage_taken":0.0,"cards_upgraded":["Strike_R","Strike_R","Strike_R","Defend_R","Defend_R","Defend_R","Defend_R"]},{"damage_healed":0.0,"max_hp_gain":0.0,"max_hp_loss":0.0,"gold_gain":50.0,"event_name":"Nest","player_choice":"Stole From Cult","floor":30.0,"gold_loss":0.0,"damage_taken":0.0},{"damage_healed":0.0,"max_hp_gain":0.0,"max_hp_loss":0.0,"gold_gain":0.0,"event_name":"Tomb of Lord Red Mask","player_choice":"Ignored","floor":36.0,"gold_loss":0.0,"damage_taken":0.0},{"damage_healed":0.0,"max_hp_gain":0.0,"max_hp_loss":4.0,"gold_gain":0.0,"event_name":"Winding Halls","player_choice":"Max HP","floor":37.0,"gold_loss":0.0,"damage_taken":0.0},{"damage_healed":0,"gold_gain":0,"cards_transformed":["Strike_R"],"player_choice":"Transformed","damage_taken":0,"max_hp_gain":0,"max_hp_loss":0,"event_name":"Transmorgrifier","floor":44,"gold_loss":0,"cards_obtained":["Iron Wave"]}],"is_beta":false,"boss_relics":[{"not_picked":["Runic Pyramid","Busted Crown"],"picked":"Snecko Eye"},{"not_picked":["SacredBark","Black Blood"],"picked":"Calling Bell"}],"items_purged_floors":[19,38,46],"is_endless":false,"potions_floor_spawned":[7,8,10,11,14,24,25,29,31,35,39,41,42,45,48],"killed_by":"Donu and Deca","ascension_level":20}