{"gold_per_floor":[116,134,114,126,140,175,175,207,207,234,234,234,245,272,272,346,346,363,363,285,285,39,39,68,68,95,123,142,174,45,61,61,135,135,148,162,187,203,214,239,239,255,255,283,283,20,38,51,51,51,51,51,51,51,85,85],"floor_reached":56,"playtime":4208,"items_purged":["Strike_R+1"],"score":1945,"play_id":"f6ad5842-d6c9-46b8-8b24-598012beb6c3","local_time":"20211116182942","is_ascension_mode":true,"campfire_choices":[{"data":"Armaments","floor":12.0,"key":"SMITH"},{"data":"Bash","floor":15.0,"key":"SMITH"},{"data":"Shockwave","floor":23.0,"key":"SMITH"},{"data":"RitualDagger","floor":32.0,"key":"SMITH"},{"data":"Fiend Fire","floor":41.0,"key":"SMITH"},{"floor":49.0,"key":"RECALL"},{"data":"Disarm","floor":53.0,"key":"SMITH"}],"neow_cost":"NONE","seed_source_timestamp":339029605165700,"circlet_count":0,"master_deck":["AscendersBane","Strike_R+1","Strike_R+1","Strike_R+1","Strike_R+1","Defend_R+1","Defend_R+1","Defend_R+1","Defend_R+1","Bash+1","Cleave","Hemokinesis","Carnage+1","Armaments+1","Battle Trance","Pommel Strike","Shrug It Off","Feed","Spot Weakness","Battle Trance","Ghostly Armor+1","Shockwave+1","Uppercut+1","Shrug It Off","RitualDagger+1","Disarm+1","True Grit+1","Fiend Fire+1","Spot Weakness","Shrug It Off","Evolve","Limit Break"],"special_seed":0,"relics":["Burning Blood","PreservedInsect","Incense Burner","Question Card","Pantograph","Odd Mushroom","Ancient Tea Set","Velvet Choker","MutagenicStrength","Orrery","Anchor","Art of War","The Courier","Blue Candle","Happy Flower","Philosopher\u0027s Stone","Bird Faced Urn","Bag of Preparation","Omamori","Toolbox","Lantern","Orichalcum"],"potions_floor_usage":[56,56],"damage_taken":[{"damage":22.0,"enemies":"Small Slimes","floor":1.0,"turns":5.0},{"damage":2.0,"enemies":"Cultist","floor":2.0,"turns":4.0},{"damage":9.0,"enemies":"Jaw Worm","floor":4.0,"turns":2.0},{"damage":18.0,"enemies":"Blue Slaver","floor":5.0,"turns":4.0},{"damage":6.0,"enemies":"Gremlin Nob","floor":6.0,"turns":3.0},{"damage":13.0,"enemies":"Lagavulin","floor":8.0,"turns":5.0},{"damage":1.0,"enemies":"The Mushroom Lair","floor":10.0,"turns":4.0},{"damage":2.0,"enemies":"2 Fungi Beasts","floor":13.0,"turns":3.0},{"damage":9.0,"enemies":"3 Sentries","floor":14.0,"turns":6.0},{"damage":80.0,"enemies":"Hexaghost","floor":16.0,"turns":11.0},{"damage":5.0,"enemies":"2 Thieves","floor":18.0,"turns":3.0},{"damage":3.0,"enemies":"Book of Stabbing","floor":24.0,"turns":3.0},{"damage":14.0,"enemies":"Slavers","floor":27.0,"turns":5.0},{"damage":1.0,"enemies":"3 Byrds","floor":28.0,"turns":6.0},{"damage":5.0,"enemies":"Gremlin Leader","floor":29.0,"turns":6.0},{"damage":5.0,"enemies":"Snecko","floor":31.0,"turns":6.0},{"damage":67.0,"enemies":"Collector","floor":33.0,"turns":15.0},{"damage":2.0,"enemies":"3 Shapes","floor":35.0,"turns":5.0},{"damage":35.0,"enemies":"3 Darklings","floor":36.0,"turns":6.0},{"damage":0.0,"enemies":"Mind Bloom Boss Battle","floor":37.0,"turns":9.0},{"damage":7.0,"enemies":"Writhing Mass","floor":38.0,"turns":5.0},{"damage":17.0,"enemies":"Maw","floor":39.0,"turns":7.0},{"damage":32.0,"enemies":"Reptomancer","floor":40.0,"turns":6.0},{"damage":0.0,"enemies":"Spire Growth","floor":42.0,"turns":4.0},{"damage":26.0,"enemies":"Nemesis","floor":44.0,"turns":7.0},{"damage":0.0,"enemies":"3 Darklings","floor":47.0,"turns":2.0},{"damage":12.0,"enemies":"Jaw Worm Horde","floor":48.0,"turns":6.0},{"damage":51.0,"enemies":"Time Eater","floor":50.0,"turns":9.0},{"damage":44.0,"enemies":"Awakened One","floor":51.0,"turns":16.0},{"damage":11.0,"enemies":"Shield and Spear","floor":55.0,"turns":8.0},{"damage":95,"enemies":"The Heart","floor":56,"turns":8}],"seed_played":"-4540307567971355441","potions_obtained":[{"floor":1.0,"key":"LiquidBronze"},{"floor":3.0,"key":"BlessingOfTheForge"},{"floor":5.0,"key":"EssenceOfSteel"},{"floor":13.0,"key":"BloodPotion"},{"floor":16.0,"key":"DistilledChaos"},{"floor":24.0,"key":"SkillPotion"},{"floor":28.0,"key":"AttackPotion"},{"floor":37.0,"key":"SteroidPotion"},{"floor":38.0,"key":"DistilledChaos"},{"floor":40.0,"key":"Energy Potion"},{"floor":48.0,"key":"BloodPotion"}],"is_trial":false,"path_per_floor":["M","M","?","M","M","E","?","E","T","?","?","R","M","E","R","B",null,"M","?","$","?","$","R","E","?","T","E","M","E","$","M","R","B",null,"M","M","?","M","M","E","R","M","T","E","?","$","M","M","R","B","B",null,"R","$","E","B"],"character_chosen":"IRONCLAD","items_purchased":["Battle Trance","Orrery","Happy Flower","Toolbox","Lantern"],"campfire_rested":0,"item_purchase_floors":[20,22,30,46,46],"current_hp_per_floor":[52,56,56,53,41,41,18,11,11,16,41,41,45,42,42,8,58,62,62,62,62,62,62,68,62,62,57,66,67,67,68,68,27,73,80,51,82,81,70,44,44,53,53,33,33,33,44,44,44,28,20,83,83,83,82,31],"gold":85,"neow_bonus":"RANDOM_COMMON_RELIC","is_prod":false,"is_daily":false,"chose_seed":false,"campfire_upgraded":6,"win_rate":0,"timestamp":1637108982,"path_taken":["M","M","?","M","?","E","?","E","T","?","?","R","M","E","R","BOSS","M","?","$","?","$","R","E","?","T","E","M","E","$","M","R","BOSS","M","M","?","M","M","E","R","M","T","E","?","$","M","M","R","BOSS","BOSS","R","$","E","BOSS"],"build_version":"2020-12-22","purchased_purges":1,"victory":false,"max_hp_per_floor":[75,75,75,75,75,75,75,75,75,75,75,75,75,75,75,75,75,78,78,78,78,78,78,81,81,81,84,88,88,88,88,88,88,88,91,91,91,91,91,91,91,94,94,94,94,94,97,101,101,101,104,104,104,104,104,104],"card_choices":[{"not_picked":["Combust","Perfected Strike"],"picked":"Cleave","floor":1.0},{"not_picked":["Sword Boomerang","Infernal Blade"],"picked":"Hemokinesis","floor":2.0},{"not_picked":["Sever Soul","Power Through"],"picked":"Carnage","floor":4.0},{"not_picked":["Evolve","Inflame"],"picked":"Armaments","floor":5.0},{"not_picked":["Clothesline","Juggernaut"],"picked":"Battle Trance","floor":6.0},{"not_picked":["Headbutt","Wild Strike","True Grit"],"picked":"SKIP","floor":8.0},{"not_picked":["Dual Wield","Inflame","Blood for Blood"],"picked":"Pommel Strike","floor":10.0},{"not_picked":["Sword Boomerang","True Grit","Armaments"],"picked":"Shrug It Off","floor":13.0},{"not_picked":["Blood for Blood","Feel No Pain","Thunderclap","Carnage"],"picked":"SKIP","floor":14.0},{"not_picked":["Demon Form","Berserk","Juggernaut"],"picked":"Feed","floor":16.0},{"not_picked":["Heavy Blade","Seeing Red","Sword Boomerang"],"picked":"Spot Weakness","floor":18.0},{"not_picked":["Battle Trance","Fire Breathing","Juggernaut"],"picked":"Ghostly Armor+1","floor":22.0},{"not_picked":["Wild Strike","Combust","Cleave"],"picked":"Shockwave","floor":22.0},{"not_picked":["Dark Embrace","Havoc","Sentinel"],"picked":"Uppercut+1","floor":22.0},{"not_picked":["Bludgeon","Wild Strike","Blood for Blood"],"picked":"Shrug It Off","floor":22.0},{"not_picked":["Infernal Blade","Headbutt+1","Ghostly Armor","Havoc+1"],"picked":"SKIP","floor":24.0},{"not_picked":["Barricade","Sword Boomerang","Ghostly Armor"],"picked":"Disarm","floor":27.0},{"not_picked":["Clash","Rampage","Bloodletting+1"],"picked":"True Grit+1","floor":28.0},{"not_picked":["Wild Strike","Heavy Blade","Power Through","Sentinel"],"picked":"SKIP","floor":29.0},{"not_picked":["Infernal Blade","Warcry","Perfected Strike","Clash"],"picked":"SKIP","floor":31.0},{"not_picked":["Offering","Limit Break","Exhume"],"picked":"Fiend Fire","floor":33.0},{"not_picked":["Iron Wave+1","Havoc","Warcry","Clothesline+1"],"picked":"SKIP","floor":35.0},{"not_picked":["Dark Embrace","Flex","Cleave+1","Havoc"],"picked":"SKIP","floor":36.0},{"not_picked":["Dual Wield","Power Through","Warcry"],"picked":"Spot Weakness","floor":38.0},{"not_picked":["Intimidate","Havoc","Twin Strike+1","Perfected Strike"],"picked":"SKIP","floor":39.0},{"not_picked":["Perfected Strike","Hemokinesis+1","Dark Embrace+1","Rage"],"picked":"SKIP","floor":40.0},{"not_picked":["Body Slam+1","Wild Strike+1","Twin Strike","Bludgeon"],"picked":"SKIP","floor":42.0},{"not_picked":["Iron Wave+1","Warcry+1","Heavy Blade"],"picked":"Shrug It Off","floor":44.0},{"not_picked":["Clothesline","Bloodletting+1","Havoc+1"],"picked":"Evolve","floor":47.0},{"not_picked":["Wild Strike","Clothesline","Shockwave","Sentinel"],"picked":"SKIP","floor":48.0},{"not_picked":["Fire Breathing","Burning Pact","Shrug It Off+1"],"picked":"Limit Break","floor":55}],"player_experience":2427154,"relics_obtained":[{"floor":6.0,"key":"Incense Burner"},{"floor":8.0,"key":"Question Card"},{"floor":9.0,"key":"Pantograph"},{"floor":10.0,"key":"Odd Mushroom"},{"floor":14.0,"key":"Ancient Tea Set"},{"floor":24.0,"key":"Anchor"},{"floor":26.0,"key":"Art of War"},{"floor":27.0,"key":"The Courier"},{"floor":29.0,"key":"Blue Candle"},{"floor":37.0,"key":"Bird Faced Urn"},{"floor":40.0,"key":"Bag of Preparation"},{"floor":44.0,"key":"Omamori"},{"floor":55,"key":"Orichalcum"}],"event_choices":[{"damage_healed":0.0,"max_hp_gain":0.0,"max_hp_loss":0.0,"gold_gain":0.0,"event_name":"The Woman in Blue","player_choice":"Bought 1 Potion","floor":3.0,"gold_loss":0.0,"damage_taken":0.0},{"damage_healed":0.0,"max_hp_gain":0.0,"max_hp_loss":0.0,"gold_gain":0.0,"event_name":"Shining Light","player_choice":"Entered Light","floor":7.0,"gold_loss":0.0,"damage_taken":23.0,"cards_upgraded":["Defend_R","Carnage"]},{"damage_healed":0.0,"max_hp_gain":0.0,"max_hp_loss":0.0,"gold_gain":0.0,"event_name":"Mushrooms","player_choice":"Fought Mushrooms","floor":10.0,"gold_loss":0.0,"damage_taken":0.0},{"damage_healed":25.0,"max_hp_gain":0.0,"max_hp_loss":0.0,"gold_gain":0.0,"event_name":"Big Fish","player_choice":"Banana","floor":11.0,"gold_loss":0.0,"damage_taken":0.0},{"damage_healed":0.0,"max_hp_gain":0.0,"max_hp_loss":0.0,"gold_gain":0.0,"event_name":"Drug Dealer","player_choice":"Inject Mutagens","floor":19.0,"gold_loss":0.0,"damage_taken":0.0,"relics_obtained":["MutagenicStrength"]},{"damage_healed":0.0,"max_hp_gain":0.0,"max_hp_loss":0.0,"gold_gain":0.0,"event_name":"Back to Basics","player_choice":"Simplicity","floor":21.0,"gold_loss":0.0,"damage_taken":0.0,"cards_upgraded":["Strike_R","Strike_R","Strike_R","Strike_R","Strike_R","Defend_R","Defend_R","Defend_R"]},{"damage_healed":0.0,"max_hp_gain":0.0,"max_hp_loss":0.0,"gold_gain":0.0,"event_name":"Nest","player_choice":"Joined the Cult","floor":25.0,"gold_loss":0.0,"damage_taken":6.0,"cards_obtained":["RitualDagger"]},{"damage_healed":0.0,"max_hp_gain":0.0,"max_hp_loss":0.0,"gold_gain":0.0,"event_name":"MindBloom","player_choice":"Fight","floor":37.0,"gold_loss":0.0,"damage_taken":0.0},{"damage_healed":0.0,"max_hp_gain":0.0,"max_hp_loss":0.0,"gold_gain":0.0,"event_name":"SensoryStone","player_choice":"Memory 1","floor":45.0,"gold_loss":0.0,"damage_taken":0.0}],"is_beta":false,"boss_relics":[{"not_picked":["SacredBark","Busted Crown"],"picked":"Velvet Choker"},{"not_picked":["Mark of Pain","Sozu"],"picked":"Philosopher\u0027s Stone"}],"items_purged_floors":[22],"is_endless":false,"potions_floor_spawned":[1,5,13,16,24,28,31,37,38,40,48,55],"killed_by":"The Heart","ascension_level":20}