{"gold_per_floor":[210,223,236,12,12,40,40,40,63,93,148,175,187,37,37,126,126,139,139,139,139,26,26,26,60,60,60,60,100,115,150,150,245,245,258,279,70,70,85,121,145,183,183,183,219,65,89,110,110,110,110,110,110,19,19],"floor_reached":55,"playtime":2765,"items_purged":["Strike_R","Normality","Strike_R"],"score":1992,"play_id":"94102629-1ddb-459f-a9a7-11d68ac90b7a","local_time":"20211121122440","is_ascension_mode":true,"campfire_choices":[{"data":"Bash","floor":8.0,"key":"SMITH"},{"data":"Blood for Blood","floor":13.0,"key":"SMITH"},{"data":"Inflame","floor":15.0,"key":"SMITH"},{"data":"RitualDagger","floor":23.0,"key":"SMITH"},{"data":"Inflame","floor":32.0,"key":"SMITH"},{"floor":49.0,"key":"RECALL"},{"data":"Demon Form","floor":53,"key":"SMITH"}],"neow_cost":"NONE","seed_source_timestamp":750673651784800,"circlet_count":0,"master_deck":["AscendersBane","Strike_R","Defend_R","Defend_R","Defend_R","Defend_R","Bash+1","Anger","Clothesline","Reaper","Metallicize","Cleave","Blood for Blood+1","Inflame+1","Shockwave+1","Offering+1","Flame Barrier+1","RitualDagger+1","True Grit+1","Offering+1","Inflame+1","Demon Form+1","Power Through+1","Armaments+1","Pommel Strike","Disarm+1","Shrug It Off+1"],"special_seed":0,"relics":["Burning Blood","Membership Card","Juzu Bracelet","Golden Idol","MawBank","Toxic Egg 2","Paper Frog","Velvet Choker","Magic Flower","MutagenicStrength","OrangePellets","Mercury Hourglass","Calipers","Matryoshka","Strawberry","Cursed Key","Bronze Scales","TheAbacus","Bottled Tornado","Meat on the Bone","PreservedInsect","Omamori","Toy Ornithopter"],"potions_floor_usage":[50],"damage_taken":[{"damage":16.0,"enemies":"Jaw Worm","floor":1.0,"turns":5.0},{"damage":1.0,"enemies":"Cultist","floor":2.0,"turns":3.0},{"damage":8.0,"enemies":"Small Slimes","floor":3.0,"turns":5.0},{"damage":26.0,"enemies":"Gremlin Nob","floor":6.0,"turns":4.0},{"damage":4.0,"enemies":"Gremlin Gang","floor":10.0,"turns":5.0},{"damage":19.0,"enemies":"Lagavulin","floor":11.0,"turns":6.0},{"damage":4.0,"enemies":"2 Fungi Beasts","floor":12.0,"turns":3.0},{"damage":28.0,"enemies":"Hexaghost","floor":16.0,"turns":8.0},{"damage":6.0,"enemies":"Chosen","floor":18.0,"turns":2.0},{"damage":31.0,"enemies":"Slavers","floor":25.0,"turns":5.0},{"damage":25.0,"enemies":"Book of Stabbing","floor":29.0,"turns":5.0},{"damage":12.0,"enemies":"2 Thieves","floor":30.0,"turns":2.0},{"damage":24.0,"enemies":"Slavers","floor":31.0,"turns":4.0},{"damage":71.0,"enemies":"Collector","floor":33.0,"turns":7.0},{"damage":6.0,"enemies":"3 Shapes","floor":35.0,"turns":4.0},{"damage":10.0,"enemies":"Orb Walker","floor":36.0,"turns":3.0},{"damage":17.0,"enemies":"3 Darklings","floor":39.0,"turns":5.0},{"damage":51.0,"enemies":"Nemesis","floor":40.0,"turns":6.0},{"damage":26.0,"enemies":"Spire Growth","floor":41.0,"turns":6.0},{"damage":30.0,"enemies":"Reptomancer","floor":42.0,"turns":5.0},{"damage":20.0,"enemies":"Nemesis","floor":45.0,"turns":5.0},{"damage":16.0,"enemies":"Writhing Mass","floor":47.0,"turns":5.0},{"damage":14.0,"enemies":"Transient","floor":48.0,"turns":6.0},{"damage":68,"enemies":"Awakened One","floor":50,"turns":10},{"damage":62,"enemies":"Time Eater","floor":51,"turns":6},{"damage":47,"enemies":"Shield and Spear","floor":55,"turns":3}],"seed_played":"4472523846857492959","potions_obtained":[{"floor":6.0,"key":"Dexterity Potion"},{"floor":10.0,"key":"Swift Potion"},{"floor":11.0,"key":"AttackPotion"},{"floor":16.0,"key":"Energy Potion"},{"floor":29.0,"key":"HeartOfIron"},{"floor":30.0,"key":"EssenceOfSteel"},{"floor":40.0,"key":"Energy Potion"}],"is_trial":false,"path_per_floor":["M","M","M","$","?","E","?","R","T","M","E","M","R","$","R","B",null,"M","?","?","?","$","R","?","E","T","?","?","E","M","E","R","B",null,"M","M","$","?","M","E","M","E","T","?","E","$","M","M","R","B","B",null,"R","$","E"],"character_chosen":"IRONCLAD","items_purchased":["Membership Card","DuplicationPotion","Metallicize","Shockwave+1","Paper Frog","OrangePellets","True Grit+1","Bronze Scales","TheAbacus","Disarm+1","Toy Ornithopter","Dexterity Potion"],"campfire_rested":0,"item_purchase_floors":[4,4,4,14,14,22,22,37,37,46,46,54],"current_hp_per_floor":[58,63,61,61,61,45,45,45,45,53,40,42,42,42,42,32,59,59,53,53,53,53,53,68,68,68,68,68,66,68,75,75,38,66,69,68,68,68,73,39,33,48,48,48,55,55,48,75,75,74,75,75,75,75,28],"gold":19,"neow_bonus":"HUNDRED_GOLD","is_prod":false,"is_daily":false,"chose_seed":false,"campfire_upgraded":6,"win_rate":0,"timestamp":1637519080,"path_taken":["M","M","M","$","?","E","?","R","T","M","E","M","R","$","R","BOSS","M","?","?","?","$","R","?","E","T","?","?","E","M","E","R","BOSS","M","M","$","?","M","E","M","E","T","?","E","$","M","M","R","BOSS","BOSS","R","$","E"],"build_version":"2020-12-22","purchased_purges":3,"victory":false,"max_hp_per_floor":[75,75,75,75,75,75,68,68,68,68,68,68,68,68,68,68,68,68,68,68,68,68,68,68,68,68,68,68,68,68,75,75,75,75,75,75,75,75,75,75,75,75,75,75,75,75,75,75,75,75,75,75,75,75,75],"card_choices":[{"not_picked":["Sword Boomerang","Blood for Blood"],"picked":"Anger","floor":1.0},{"not_picked":["Flex","Anger"],"picked":"Clothesline","floor":2.0},{"not_picked":["Reckless Charge","Shrug It Off"],"picked":"Reaper","floor":3.0},{"not_picked":["Blood for Blood","Body Slam"],"picked":"Cleave","floor":6.0},{"not_picked":["Thunderclap","Heavy Blade","Perfected Strike"],"picked":"SKIP","floor":10.0},{"not_picked":["Sever Soul","Iron Wave"],"picked":"Blood for Blood","floor":11.0},{"not_picked":["Twin Strike","Pommel Strike"],"picked":"Inflame","floor":12.0},{"not_picked":["Reaper","Brutality"],"picked":"Offering+1","floor":16.0},{"not_picked":["Intimidate+1","Dark Embrace"],"picked":"Flame Barrier+1","floor":18.0},{"not_picked":["Armaments+1","Headbutt"],"picked":"Offering+1","floor":25.0},{"not_picked":["Havoc+1","Combust","Rage+1"],"picked":"SKIP","floor":29.0},{"not_picked":["Infernal Blade+1","Pommel Strike","Warcry+1"],"picked":"SKIP","floor":30.0},{"not_picked":["Evolve+1","Heavy Blade+1"],"picked":"Inflame","floor":31.0},{"not_picked":["Offering+1","Berserk"],"picked":"Demon Form","floor":33.0},{"not_picked":["Iron Wave+1","Thunderclap+1"],"picked":"Power Through+1","floor":35.0},{"not_picked":["Pommel Strike+1","Bludgeon"],"picked":"Armaments+1","floor":36.0},{"not_picked":["Headbutt","Intimidate+1","Seeing Red+1"],"picked":"SKIP","floor":39.0},{"not_picked":["Flex+1","Burning Pact+1","Dual Wield+1"],"picked":"SKIP","floor":40.0},{"not_picked":["Warcry+1","Blood for Blood","Clash+1"],"picked":"SKIP","floor":41.0},{"not_picked":["Infernal Blade+1","Dual Wield+1","Flex+1"],"picked":"SKIP","floor":42.0},{"not_picked":["Armaments+1","Thunderclap+1","True Grit+1"],"picked":"SKIP","floor":45.0},{"not_picked":["Clothesline+1","Warcry+1"],"picked":"Shrug It Off+1","floor":47.0},{"not_picked":["Sword Boomerang","Infernal Blade+1","True Grit+1"],"picked":"SKIP","floor":48.0}],"player_experience":2445164,"relics_obtained":[{"floor":6.0,"key":"Juzu Bracelet"},{"floor":9.0,"key":"MawBank"},{"floor":11.0,"key":"Toxic Egg 2"},{"floor":25.0,"key":"Mercury Hourglass"},{"floor":26.0,"key":"Calipers"},{"floor":29.0,"key":"Matryoshka"},{"floor":31.0,"key":"Strawberry"},{"floor":40.0,"key":"Bottled Tornado"},{"floor":42.0,"key":"Meat on the Bone"},{"floor":43.0,"key":"PreservedInsect"},{"floor":45.0,"key":"Omamori"}],"event_choices":[{"cards_removed":["Strike_R"],"damage_healed":0.0,"max_hp_gain":0.0,"max_hp_loss":0.0,"gold_gain":0.0,"event_name":"Purifier","player_choice":"Purged","floor":5.0,"gold_loss":0.0,"damage_taken":0.0},{"damage_healed":0.0,"max_hp_gain":0.0,"max_hp_loss":7.0,"gold_gain":0.0,"event_name":"Golden Idol","player_choice":"Lose Max HP","floor":7.0,"gold_loss":0.0,"damage_taken":0.0,"relics_obtained":["Golden Idol"]},{"damage_healed":0.0,"max_hp_gain":0.0,"max_hp_loss":0.0,"gold_gain":0.0,"event_name":"Nest","player_choice":"Joined the Cult","floor":19.0,"gold_loss":0.0,"damage_taken":6.0,"cards_obtained":["RitualDagger"]},{"damage_healed":0.0,"max_hp_gain":0.0,"max_hp_loss":0.0,"gold_gain":0.0,"event_name":"WeMeetAgain","player_choice":"Gave Potion","floor":20.0,"gold_loss":0.0,"damage_taken":0.0,"relics_obtained":["Magic Flower"]},{"damage_healed":0.0,"max_hp_gain":0.0,"max_hp_loss":0.0,"gold_gain":0.0,"event_name":"Drug Dealer","player_choice":"Inject Mutagens","floor":21.0,"gold_loss":0.0,"damage_taken":0.0,"relics_obtained":["MutagenicStrength"]},{"damage_healed":15.0,"max_hp_gain":0.0,"max_hp_loss":0.0,"gold_gain":0.0,"event_name":"Wheel of Change","player_choice":"Full Heal","floor":24.0,"gold_loss":0.0,"damage_taken":0.0},{"damage_healed":0.0,"max_hp_gain":0.0,"max_hp_loss":0.0,"gold_gain":0.0,"event_name":"Vampires","player_choice":"Ignored","floor":28.0,"gold_loss":0.0,"damage_taken":0.0},{"damage_healed":0.0,"max_hp_gain":0.0,"max_hp_loss":0.0,"gold_gain":0.0,"cards_transformed":["Strike_R"],"event_name":"Transmorgrifier","player_choice":"Transformed","floor":38.0,"gold_loss":0.0,"damage_taken":0.0,"cards_obtained":["Pommel Strike"]},{"damage_healed":0.0,"max_hp_gain":0.0,"max_hp_loss":0.0,"gold_gain":0.0,"event_name":"Tomb of Lord Red Mask","player_choice":"Ignored","floor":44.0,"gold_loss":0.0,"damage_taken":0.0}],"is_beta":false,"boss_relics":[{"not_picked":["Mark of Pain","Black Blood"],"picked":"Velvet Choker"},{"not_picked":["Runic Dome","Busted Crown"],"picked":"Cursed Key"}],"items_purged_floors":[37,46,54],"is_endless":false,"potions_floor_spawned":[6,10,11,16,29,30,33,39,40,45,48],"killed_by":"Shield and Spear","ascension_level":20}