{"gold_per_floor":[112,123,133,133,4,4,34,34,34,34,62,81,107,107,107,181,181,200,90,15,15,25,50,61,61,86,116,116,144,163,7,7,85,85,102,122,135,35,50,50,75,75,99,172,183,202,233,243,243,243,243,243,243,63,90,90],"floor_reached":57,"playtime":3574,"items_purged":["Strike_R","Strike_R+1","Cleave"],"score":3005,"play_id":"9b3b6bcc-4dd9-484b-b54b-117735b88590","local_time":"20211204132956","is_ascension_mode":true,"campfire_choices":[{"data":"Bash","floor":6.0,"key":"SMITH"},{"data":"Armaments","floor":15.0,"key":"SMITH"},{"data":"Feed","floor":25.0,"key":"SMITH"},{"data":"Dark Embrace","floor":32.0,"key":"SMITH"},{"data":"Demon Form","floor":40.0,"key":"SMITH"},{"data":"Shockwave","floor":42.0,"key":"SMITH"},{"floor":49.0,"key":"RECALL"},{"data":"Feel No Pain","floor":53.0,"key":"SMITH"}],"neow_cost":"NONE","seed_source_timestamp":491416422328500,"circlet_count":0,"master_deck":["AscendersBane","Defend_R+1","Defend_R+1","Defend_R+1","Defend_R+1","Bash+1","Pommel Strike","Infernal Blade","Demon Form+1","Shrug It Off","Armaments+1","Shrug It Off","Offering","Corruption","Sentinel+1","Feed+1","Entrench+1","Sentinel","Feel No Pain+1","Shockwave+1","Dark Embrace+1","Limit Break","Heavy Blade+1","Burning Pact","Offering","Body Slam","Sentinel","Armaments"],"special_seed":0,"relics":["Burning Blood","Potion Belt","Gambling Chip","Ornamental Fan","Matryoshka","Dream Catcher","Sozu","Art of War","Vajra","Nunchaku","PreservedInsect","Shuriken","Black Star","Paper Frog","Pen Nib","Juzu Bracelet","HornCleat","Lantern","Anchor","Centennial Puzzle","Gremlin Horn"],"potions_floor_usage":[56],"damage_taken":[{"damage":19.0,"enemies":"Jaw Worm","floor":1.0,"turns":6.0},{"damage":7.0,"enemies":"Cultist","floor":2.0,"turns":4.0},{"damage":0.0,"enemies":"2 Louse","floor":3.0,"turns":2.0},{"damage":6.0,"enemies":"Gremlin Nob","floor":7.0,"turns":3.0},{"damage":8.0,"enemies":"Lagavulin","floor":11.0,"turns":7.0},{"damage":1.0,"enemies":"2 Fungi Beasts","floor":12.0,"turns":4.0},{"damage":22.0,"enemies":"3 Sentries","floor":13.0,"turns":5.0},{"damage":25.0,"enemies":"The Guardian","floor":16.0,"turns":11.0},{"damage":10.0,"enemies":"Shell Parasite","floor":18.0,"turns":3.0},{"damage":6.0,"enemies":"Spheric Guardian","floor":22.0,"turns":4.0},{"damage":19.0,"enemies":"Slavers","floor":23.0,"turns":4.0},{"damage":6.0,"enemies":"Centurion and Healer","floor":24.0,"turns":4.0},{"damage":18.0,"enemies":"Book of Stabbing","floor":27.0,"turns":4.0},{"damage":11.0,"enemies":"Slavers","floor":29.0,"turns":4.0},{"damage":15.0,"enemies":"Snecko","floor":30.0,"turns":5.0},{"damage":7.0,"enemies":"Collector","floor":33.0,"turns":7.0},{"damage":6.0,"enemies":"3 Darklings","floor":35.0,"turns":3.0},{"damage":12.0,"enemies":"3 Shapes","floor":36.0,"turns":4.0},{"damage":16.0,"enemies":"Spire Growth","floor":37.0,"turns":5.0},{"damage":6.0,"enemies":"Sphere and 2 Shapes","floor":39.0,"turns":3.0},{"damage":6.0,"enemies":"Giant Head","floor":41.0,"turns":3.0},{"damage":6.0,"enemies":"3 Darklings","floor":45.0,"turns":3.0},{"damage":25.0,"enemies":"Jaw Worm Horde","floor":46.0,"turns":2.0},{"damage":0.0,"enemies":"Nemesis","floor":47.0,"turns":1.0},{"damage":6.0,"enemies":"Spire Growth","floor":48.0,"turns":4.0},{"damage":16.0,"enemies":"Awakened One","floor":50.0,"turns":6.0},{"damage":20.0,"enemies":"Time Eater","floor":51.0,"turns":6.0},{"damage":6.0,"enemies":"Shield and Spear","floor":55.0,"turns":1.0},{"damage":36,"enemies":"The Heart","floor":56,"turns":6}],"seed_played":"-4736120092428256424","potions_obtained":[{"floor":2.0,"key":"Energy Potion"},{"floor":7.0,"key":"SteroidPotion"},{"floor":12.0,"key":"BloodPotion"},{"floor":13.0,"key":"Energy Potion"}],"is_trial":false,"path_per_floor":["M","M","M","?","$","R","E","?","T","$","E","M","E","?","R","B",null,"M","?","$","?","M","E","M","R","T","E","?","E","M","$","R","B",null,"M","M","M","$","M","R","E","R","T","T","M","M","E","M","R","B","B",null,"R","$","E","B",null],"character_chosen":"IRONCLAD","items_purchased":["Shrug It Off","DistilledChaos","Shockwave","Dark Embrace","Armaments"],"campfire_rested":0,"item_purchase_floors":[5,5,31,31,54],"current_hp_per_floor":[55,54,60,60,60,60,60,60,60,60,58,63,47,47,47,28,63,59,59,59,59,59,49,53,53,53,41,41,40,35,35,35,38,80,84,82,76,76,80,80,84,84,84,84,88,73,79,83,83,77,67,117,117,117,121,91],"gold":90,"neow_bonus":"RANDOM_COMMON_RELIC","is_prod":false,"is_daily":false,"chose_seed":false,"campfire_upgraded":7,"win_rate":0,"timestamp":1638646196,"path_taken":["M","M","M","?","$","R","E","?","T","$","E","?","E","?","R","BOSS","M","?","?","?","M","E","M","R","T","E","?","E","M","$","R","BOSS","M","M","M","$","?","R","E","R","T","?","M","M","E","M","R","BOSS","BOSS","R","$","E","BOSS"],"build_version":"2020-12-22","purchased_purges":3,"victory":true,"max_hp_per_floor":[75,75,75,75,75,75,75,75,75,75,75,75,75,75,75,75,75,75,75,75,75,75,78,82,82,82,82,82,86,90,90,90,94,94,98,102,106,106,110,110,114,114,114,114,118,122,122,126,126,130,134,134,134,134,138,138],"card_choices":[{"not_picked":["True Grit","Armaments"],"picked":"Pommel Strike","floor":1.0},{"not_picked":["Rupture","Havoc"],"picked":"Infernal Blade","floor":2.0},{"not_picked":["Pummel","Pommel Strike"],"picked":"Cleave","floor":3.0},{"not_picked":["Pommel Strike","True Grit"],"picked":"Armaments","floor":7.0},{"not_picked":["Exhume","Twin Strike","Searing Blow"],"picked":"SKIP","floor":11.0},{"not_picked":["Iron Wave","Seeing Red"],"picked":"Shrug It Off","floor":12.0},{"not_picked":["Sword Boomerang","Flex"],"picked":"Offering","floor":13.0},{"not_picked":["Berserk","Double Tap"],"picked":"Corruption","floor":16.0},{"not_picked":["Heavy Blade","Twin Strike+1"],"picked":"Sentinel+1","floor":18.0},{"not_picked":["Twin Strike","Pummel"],"picked":"Feed","floor":22.0},{"not_picked":["Twin Strike","Evolve","Anger"],"picked":"SKIP","floor":23.0},{"not_picked":["Clash","True Grit","Inflame"],"picked":"SKIP","floor":24.0},{"not_picked":["Dual Wield","Dropkick"],"picked":"Entrench+1","floor":27.0},{"not_picked":["Twin Strike","Anger+1"],"picked":"Sentinel","floor":29.0},{"not_picked":["Shrug It Off","True Grit"],"picked":"Feel No Pain","floor":30.0},{"not_picked":["Demon Form","Corruption"],"picked":"Limit Break","floor":33.0},{"not_picked":["Searing Blow","Shockwave"],"picked":"Heavy Blade+1","floor":35.0},{"not_picked":["Twin Strike+1","Thunderclap"],"picked":"Burning Pact","floor":36.0},{"not_picked":["Metallicize+1","Combust","Havoc"],"picked":"SKIP","floor":37.0},{"not_picked":["Wild Strike","Pummel+1","Warcry"],"picked":"SKIP","floor":39.0},{"not_picked":["Searing Blow+1","Uppercut"],"picked":"Offering","floor":41.0},{"not_picked":["Ghostly Armor","Anger+1"],"picked":"Body Slam","floor":45.0},{"not_picked":["Thunderclap","Clothesline"],"picked":"Sentinel","floor":46.0},{"not_picked":["Blood for Blood","Combust+1","Demon Form"],"picked":"SKIP","floor":47.0},{"not_picked":["Clash","Perfected Strike","Headbutt+1"],"picked":"SKIP","floor":48.0},{"not_picked":["Hemokinesis+1","Cleave","Evolve"],"picked":"SKIP","floor":55.0}],"player_experience":2474544,"relics_obtained":[{"floor":7.0,"key":"Gambling Chip"},{"floor":9.0,"key":"Ornamental Fan"},{"floor":11.0,"key":"Matryoshka"},{"floor":13.0,"key":"Dream Catcher"},{"floor":23.0,"key":"Art of War"},{"floor":26.0,"key":"Vajra"},{"floor":26.0,"key":"Nunchaku"},{"floor":27.0,"key":"PreservedInsect"},{"floor":29.0,"key":"Shuriken"},{"floor":41.0,"key":"Paper Frog"},{"floor":41.0,"key":"Pen Nib"},{"floor":43.0,"key":"Juzu Bracelet"},{"floor":44.0,"key":"HornCleat"},{"floor":47.0,"key":"Lantern"},{"floor":47.0,"key":"Anchor"},{"floor":55.0,"key":"Centennial Puzzle"},{"floor":55.0,"key":"Gremlin Horn"}],"event_choices":[{"damage_healed":0.0,"max_hp_gain":0.0,"max_hp_loss":0.0,"gold_gain":0.0,"cards_transformed":["Strike_R"],"event_name":"Living Wall","player_choice":"Change","floor":4.0,"gold_loss":0.0,"damage_taken":0.0,"cards_obtained":["Demon Form"]},{"cards_removed":["Strike_R"],"damage_healed":0.0,"max_hp_gain":0.0,"max_hp_loss":0.0,"gold_gain":0.0,"event_name":"Wheel of Change","player_choice":"Card Removal","floor":8.0,"gold_loss":0.0,"damage_taken":0.0},{"damage_healed":0.0,"max_hp_gain":0.0,"max_hp_loss":0.0,"gold_gain":0.0,"event_name":"Liars Game","player_choice":"Ignored","floor":14.0,"gold_loss":0.0,"damage_taken":0.0},{"cards_removed":["Strike_R"],"damage_healed":0.0,"max_hp_gain":0.0,"max_hp_loss":0.0,"gold_gain":0.0,"event_name":"Designer","player_choice":"Upgrade and Remove","floor":19.0,"gold_loss":110.0,"damage_taken":0.0,"cards_upgraded":["Defend_R"]},{"damage_healed":0.0,"max_hp_gain":0.0,"max_hp_loss":0.0,"gold_gain":0.0,"event_name":"Back to Basics","player_choice":"Simplicity","floor":21.0,"gold_loss":0.0,"damage_taken":0.0,"cards_upgraded":["Strike_R","Defend_R","Defend_R","Defend_R"]},{"damage_healed":0.0,"max_hp_gain":0.0,"max_hp_loss":0.0,"gold_gain":0.0,"event_name":"Lab","player_choice":"Got Potions","floor":28.0,"gold_loss":0.0,"damage_taken":0.0}],"is_beta":false,"boss_relics":[{"not_picked":["Pandora\u0027s Box","SlaversCollar"],"picked":"Sozu"},{"not_picked":["Tiny House","Empty Cage"],"picked":"Black Star"}],"items_purged_floors":[20,38,54],"is_endless":false,"potions_floor_spawned":[2,7,12,13,23,24,27,33,39,41,45],"ascension_level":20}