{"gold_per_floor":[14,29,49,69,69,69,85,115,115,115,65,65,98,110,110,110],"floor_reached":16,"playtime":797,"items_purged":[],"score":224,"play_id":"7f41b6a6-4a0e-4ab5-aded-231594ecf45f","local_time":"20211204154141","is_ascension_mode":true,"campfire_choices":[{"data":"Shockwave","floor":6.0,"key":"SMITH"},{"data":"Entrench","floor":10.0,"key":"SMITH"},{"floor":15,"key":"REST"}],"neow_cost":"NO_GOLD","seed_source_timestamp":502227201293700,"circlet_count":0,"master_deck":["AscendersBane","Strike_R","Strike_R","Defend_R","Defend_R","Defend_R","Defend_R","Bash","Entrench+1","Thunderclap","Disarm","Clash","Anger","Shockwave+1","Cleave","Twin Strike","Armaments","Corruption","True Grit"],"special_seed":0,"relics":["Burning Blood","InkBottle","Toy Ornithopter","Sundial","Anchor"],"potions_floor_usage":[13,13],"damage_taken":[{"damage":9.0,"enemies":"Small Slimes","floor":1.0,"turns":5.0},{"damage":4.0,"enemies":"Jaw Worm","floor":2.0,"turns":5.0},{"damage":7.0,"enemies":"Cultist","floor":3.0,"turns":4.0},{"damage":16.0,"enemies":"2 Fungi Beasts","floor":4.0,"turns":6.0},{"damage":18.0,"enemies":"Exordium Wildlife","floor":7.0,"turns":5.0},{"damage":28.0,"enemies":"3 Sentries","floor":8.0,"turns":6.0},{"damage":45,"enemies":"Gremlin Nob","floor":13,"turns":5},{"damage":0,"enemies":"3 Louse","floor":14,"turns":4},{"damage":0,"enemies":"The Guardian","floor":16,"turns":2}],"seed_played":"-2994512227224788456","potions_obtained":[{"floor":2.0,"key":"Weak Potion"},{"floor":3.0,"key":"Regen Potion"},{"floor":4.0,"key":"SpeedPotion"},{"floor":13,"key":"ElixirPotion"}],"is_trial":false,"path_per_floor":["M","M","M","M","?","R","M","E","T","R","$","T","E","M","R","B"],"character_chosen":"IRONCLAD","items_purchased":["Armaments"],"campfire_rested":1,"item_purchase_floors":[11],"current_hp_per_floor":[65,67,66,71,71,71,59,37,37,37,37,37,8,14,36,36],"gold":110,"neow_bonus":"TRANSFORM_TWO_CARDS","is_prod":false,"is_daily":false,"chose_seed":false,"campfire_upgraded":2,"win_rate":0,"timestamp":1638654101,"path_taken":["M","M","M","M","?","R","M","E","T","R","$","?","E","M","R","BOSS"],"build_version":"2020-12-22","purchased_purges":0,"victory":false,"max_hp_per_floor":[75,75,75,75,75,75,75,75,75,75,75,75,75,75,75,75],"card_choices":[{"not_picked":["Thunderclap","Rage","Fire Breathing"],"picked":"SKIP","floor":1.0},{"not_picked":["Headbutt","Dark Embrace"],"picked":"Disarm","floor":2.0},{"not_picked":["True Grit","Fire Breathing"],"picked":"Clash","floor":3.0},{"not_picked":["Body Slam","Intimidate"],"picked":"Anger","floor":4.0},{"not_picked":["Iron Wave","Limit Break"],"picked":"Cleave","floor":7.0},{"not_picked":["Dark Embrace","True Grit"],"picked":"Twin Strike","floor":8.0},{"not_picked":["Combust","Anger"],"picked":"Corruption","floor":13},{"not_picked":["Combust","Seeing Red"],"picked":"True Grit","floor":14}],"player_experience":2481830,"relics_obtained":[{"floor":8.0,"key":"InkBottle"},{"floor":9.0,"key":"Toy Ornithopter"},{"floor":12,"key":"Sundial"},{"floor":13,"key":"Anchor"}],"event_choices":[{"damage_healed":0.0,"max_hp_gain":0.0,"max_hp_loss":0.0,"gold_gain":0.0,"cards_transformed":["Strike_R"],"event_name":"Living Wall","player_choice":"Change","floor":5.0,"gold_loss":0.0,"damage_taken":0.0,"cards_obtained":["Shockwave"]}],"is_beta":false,"boss_relics":[],"items_purged_floors":[],"is_endless":false,"potions_floor_spawned":[2,3,4,13],"killed_by":"The Guardian","ascension_level":20}