{"gold_per_floor":[115,131,13,13,27,27,53,53,133,151,179,179,204,223,223,298,298,311,345,79,79,90,117,117,127,152,152,152,152],"floor_reached":29,"playtime":1668,"items_purged":["Strike_R","Strike_R"],"score":572,"play_id":"0283e997-ec5c-4fad-81da-d9fc92e21688","local_time":"20211201195325","is_ascension_mode":true,"campfire_choices":[{"data":"Iron Wave","floor":6,"key":"SMITH"},{"data":"Feed","floor":8,"key":"SMITH"},{"data":"Demon Form","floor":15,"key":"SMITH"},{"data":"Disarm","floor":27,"key":"SMITH"}],"neow_cost":"NONE","seed_source_timestamp":257275648856500,"circlet_count":0,"master_deck":["AscendersBane","Strike_R","Strike_R","Strike_R","Defend_R","Defend_R","Defend_R","Defend_R","Bash+1","Rampage","Disarm+1","Feel No Pain","Iron Wave+1","Feed+1","Pommel Strike","Demon Form+1","Cleave","Brutality","Intimidate","Uppercut+1"],"relics":["Burning Blood","NeowsBlessing","Bag of Marbles","Meat on the Bone","Pen Nib","Calipers","Velvet Choker","Red Mask","Toy Ornithopter","Tiny Chest","Potion Belt"],"potions_floor_usage":[7,11,23,29],"damage_taken":[{"damage":0,"enemies":"Cultist","floor":1,"turns":1},{"damage":0,"enemies":"Jaw Worm","floor":2,"turns":1},{"damage":0,"enemies":"2 Louse","floor":5,"turns":1},{"damage":16,"enemies":"3 Sentries","floor":7,"turns":15},{"damage":13,"enemies":"Gremlin Gang","floor":10,"turns":5},{"damage":22,"enemies":"Lagavulin","floor":11,"turns":6},{"damage":26,"enemies":"3 Sentries","floor":13,"turns":17},{"damage":9,"enemies":"Exordium Thugs","floor":14,"turns":5},{"damage":48,"enemies":"The Guardian","floor":16,"turns":8},{"damage":34,"enemies":"Shell Parasite","floor":18,"turns":7},{"damage":0,"enemies":"Masked Bandits","floor":19,"turns":2},{"damage":18,"enemies":"3 Byrds","floor":22,"turns":5},{"damage":30,"enemies":"Gremlin Leader","floor":23,"turns":5},{"damage":27,"enemies":"Shelled Parasite and Fungi","floor":25,"turns":6},{"damage":47,"enemies":"Slavers","floor":29,"turns":6}],"seed_played":"-6158453139479058974","potions_obtained":[{"floor":1,"key":"EssenceOfSteel"},{"floor":5,"key":"SpeedPotion"},{"floor":10,"key":"Swift Potion"},{"floor":13,"key":"LiquidMemories"},{"floor":14,"key":"AttackPotion"},{"floor":25,"key":"CultistPotion"}],"is_trial":false,"path_per_floor":["M","M","$","?","M","R","E","R","T","M","E","?","E","M","R","B",null,"M","?","$","?","M","E","?","M","T","R","?","E"],"character_chosen":"IRONCLAD","items_purchased":["Feel No Pain","Toy Ornithopter"],"campfire_rested":0,"item_purchase_floors":[3,20],"current_hp_per_floor":[74,75,75,75,75,75,65,65,65,62,50,50,46,59,59,33,80,56,66,66,66,70,67,67,62,62,62,62,20],"gold":152,"neow_bonus":"THREE_ENEMY_KILL","is_prod":false,"is_daily":false,"chose_seed":false,"campfire_upgraded":4,"win_rate":0,"timestamp":1638410005,"path_taken":["M","M","$","?","?","R","E","R","T","M","E","?","E","M","R","BOSS","M","?","$","?","M","E","?","M","T","R","?","E"],"build_version":"2020-12-22","purchased_purges":2,"victory":false,"max_hp_per_floor":[75,75,75,75,75,75,75,75,75,79,83,83,87,91,91,95,95,99,103,103,103,107,111,111,115,115,115,115,115],"card_choices":[{"not_picked":["Burning Pact","Headbutt"],"picked":"Rampage","floor":1},{"not_picked":["Heavy Blade","Sword Boomerang"],"picked":"Disarm","floor":2},{"not_picked":["Headbutt","Heavy Blade"],"picked":"Iron Wave","floor":5},{"not_picked":["Burning Pact","Warcry"],"picked":"Feed","floor":7},{"not_picked":["Armaments","Rampage"],"picked":"Pommel Strike","floor":10},{"not_picked":["Twin Strike","Flex"],"picked":"Demon Form","floor":11},{"not_picked":["Infernal Blade","Iron Wave","Second Wind"],"picked":"SKIP","floor":13},{"not_picked":["Evolve","Intimidate"],"picked":"Cleave","floor":14},{"not_picked":["Demon Form","Barricade"],"picked":"Brutality","floor":16},{"not_picked":["Wild Strike","Pommel Strike","Body Slam"],"picked":"SKIP","floor":18},{"not_picked":["Spot Weakness","Reckless Charge"],"picked":"Intimidate","floor":19},{"not_picked":["Searing Blow","Perfected Strike+1","Reckless Charge+1"],"picked":"SKIP","floor":22},{"not_picked":["Clash","Rupture"],"picked":"Uppercut","floor":23},{"not_picked":["Anger","Twin Strike","Sword Boomerang"],"picked":"SKIP","floor":25}],"player_experience":2462215,"relics_obtained":[{"floor":7,"key":"Bag of Marbles"},{"floor":9,"key":"Meat on the Bone"},{"floor":11,"key":"Pen Nib"},{"floor":13,"key":"Calipers"},{"floor":19,"key":"Red Mask"},{"floor":23,"key":"Tiny Chest"},{"floor":26,"key":"Potion Belt"}],"event_choices":[{"damage_healed":0,"gold_gain":0,"player_choice":"Upgraded","damage_taken":0,"max_hp_gain":0,"max_hp_loss":0,"event_name":"Upgrade Shrine","floor":4,"gold_loss":0,"cards_upgraded":["Bash"]},{"damage_healed":0,"gold_gain":0,"player_choice":"Ignored","damage_taken":0,"max_hp_gain":0,"max_hp_loss":0,"event_name":"Liars Game","floor":12,"gold_loss":0},{"damage_healed":0,"gold_gain":0,"player_choice":"Fought Bandits","damage_taken":0,"max_hp_gain":0,"max_hp_loss":0,"event_name":"Masked Bandits","floor":19,"gold_loss":0},{"damage_healed":0,"gold_gain":0,"player_choice":"Ignored","damage_taken":0,"max_hp_gain":0,"max_hp_loss":0,"event_name":"Vampires","floor":21,"gold_loss":0},{"damage_healed":0,"gold_gain":0,"player_choice":"Ignored","damage_taken":0,"max_hp_gain":0,"max_hp_loss":0,"event_name":"The Mausoleum","floor":24,"gold_loss":0},{"damage_healed":0,"gold_gain":0,"player_choice":"Forge","damage_taken":0,"max_hp_gain":0,"max_hp_loss":0,"event_name":"Accursed Blacksmith","floor":28,"gold_loss":0,"cards_upgraded":["Uppercut"]}],"is_beta":false,"boss_relics":[{"not_picked":["Black Star","Ectoplasm"],"picked":"Velvet Choker"}],"items_purged_floors":[3,20],"is_endless":false,"potions_floor_spawned":[1,5,10,13,14,19,25],"killed_by":"Slavers","ascension_level":20}