{"gold_per_floor":[212,61,71,89,52,80,80,116,192,192,192,236,249,274,274,363,363,378,378,21,39,58,91,91,116,116,154,224,237,276,301,301,396,396,409,409],"floor_reached":36,"playtime":1169,"items_purged":["Strike_R","Defend_R"],"score":898,"play_id":"f3423e17-4236-49fe-b835-099dff12d7aa","local_time":"20211203160706","is_ascension_mode":true,"campfire_choices":[{"data":"Immolate","floor":10.0,"key":"SMITH"},{"data":"Spot Weakness","floor":15,"key":"SMITH"},{"data":"Whirlwind","floor":24,"key":"SMITH"},{"data":"Offering","floor":32,"key":"SMITH"}],"neow_cost":"NONE","seed_source_timestamp":416981716556600,"circlet_count":0,"master_deck":["AscendersBane","Defend_R","Defend_R","Defend_R","Bash","Twin Strike","Immolate+1","Anger","Battle Trance","Inflame","Thunderclap","Carnage+1","Offering+1","Spot Weakness+1","Offering","Infernal Blade+1","Flex+1","Offering+1","Sword Boomerang","Clothesline","Flame Barrier","Whirlwind+1","Seeing Red","Barricade","Metallicize+1","Impervious","Armaments+1"],"special_seed":0,"relics":["Burning Blood","TungstenRod","Golden Idol","Lantern","Bottled Lightning","Strawberry","Astrolabe","Bag of Marbles","Boot","Eternal Feather","Red Mask","PreservedInsect","Snecko Eye"],"potions_floor_usage":[33,36],"damage_taken":[{"damage":7.0,"enemies":"Cultist","floor":1.0,"turns":4.0},{"damage":4.0,"enemies":"Small Slimes","floor":3.0,"turns":4.0},{"damage":4.0,"enemies":"Jaw Worm","floor":4.0,"turns":3.0},{"damage":8.0,"enemies":"Gremlin Nob","floor":6.0,"turns":3.0},{"damage":9.0,"enemies":"3 Sentries","floor":8.0,"turns":3.0},{"damage":7,"enemies":"Gremlin Nob","floor":12,"turns":3},{"damage":0,"enemies":"Exordium Wildlife","floor":13,"turns":1},{"damage":0,"enemies":"Looter","floor":14,"turns":2},{"damage":6,"enemies":"Slime Boss","floor":16,"turns":5},{"damage":10,"enemies":"2 Thieves","floor":18,"turns":2},{"damage":5,"enemies":"3 Byrds","floor":21,"turns":1},{"damage":5,"enemies":"Centurion and Healer","floor":22,"turns":1},{"damage":15,"enemies":"Gremlin Leader","floor":23,"turns":2},{"damage":5,"enemies":"Cultist and Chosen","floor":25,"turns":1},{"damage":5,"enemies":"Masked Bandits","floor":27,"turns":3},{"damage":5,"enemies":"Snake Plant","floor":29,"turns":1},{"damage":5,"enemies":"Slavers","floor":30,"turns":1},{"damage":13,"enemies":"Shelled Parasite and Fungi","floor":31,"turns":2},{"damage":30,"enemies":"Automaton","floor":33,"turns":5},{"damage":21,"enemies":"3 Shapes","floor":35,"turns":3},{"damage":10,"enemies":"3 Darklings","floor":36,"turns":2}],"seed_played":"297785755663218164","potions_obtained":[{"floor":3.0,"key":"Weak Potion"},{"floor":6.0,"key":"FearPotion"},{"floor":8.0,"key":"Swift Potion"},{"floor":14,"key":"DistilledChaos"},{"floor":16,"key":"Block Potion"},{"floor":21,"key":"Fire Potion"},{"floor":33,"key":"Dexterity Potion"}],"is_trial":false,"path_per_floor":["M","$","M","M","$","E","?","E","T","R","?","E","M","M","R","B",null,"M","?","$","M","M","E","R","M","T","?","T","M","E","M","R","B",null,"M","M"],"character_chosen":"IRONCLAD","items_purchased":["Immolate","Inflame","Bag of Marbles","Flame Barrier"],"campfire_rested":0,"item_purchase_floors":[2,5,20,20],"current_hp_per_floor":[67,67,69,71,71,69,44,41,41,41,41,47,53,59,59,59,76,72,72,72,73,74,65,65,66,66,67,67,68,69,62,77,53,75,60,50],"gold":409,"neow_bonus":"HUNDRED_GOLD","is_prod":false,"is_daily":false,"chose_seed":false,"campfire_upgraded":4,"win_rate":0,"timestamp":1638569226,"path_taken":["M","?","M","M","$","E","?","E","T","R","?","E","M","M","R","BOSS","M","?","$","M","M","E","R","?","T","?","?","M","E","M","R","BOSS","M","M"],"build_version":"2020-12-22","purchased_purges":2,"victory":false,"max_hp_per_floor":[75,75,75,75,75,75,75,75,75,75,75,82,82,82,82,82,82,82,82,82,82,82,82,82,82,82,82,82,82,82,82,82,82,82,82,82],"card_choices":[{"not_picked":["Havoc","Metallicize"],"picked":"Twin Strike","floor":1.0},{"not_picked":["Dark Embrace","Clash"],"picked":"Anger","floor":3.0},{"not_picked":["Warcry","Sword Boomerang"],"picked":"Battle Trance","floor":4.0},{"not_picked":["Heavy Blade","Clash"],"picked":"Thunderclap","floor":6.0},{"not_picked":["Thunderclap","Clothesline"],"picked":"Carnage","floor":8.0},{"not_picked":["Whirlwind","Headbutt"],"picked":"Offering","floor":12},{"not_picked":["Wild Strike","Clash","Twin Strike"],"picked":"SKIP","floor":13},{"not_picked":["Twin Strike","Warcry"],"picked":"Spot Weakness","floor":14},{"not_picked":["Immolate","Juggernaut"],"picked":"Offering","floor":16},{"not_picked":["Flex","Clothesline"],"picked":"Sword Boomerang","floor":18},{"not_picked":["Twin Strike","Sentinel","Body Slam"],"picked":"SKIP","floor":21},{"not_picked":["Body Slam","Sword Boomerang"],"picked":"Whirlwind","floor":22},{"not_picked":["Rupture","Cleave","Havoc"],"picked":"SKIP","floor":23},{"not_picked":["Dark Embrace","Carnage"],"picked":"Seeing Red","floor":25},{"not_picked":["Headbutt","Rage"],"picked":"Barricade","floor":27},{"not_picked":["Wild Strike+1","Pummel","Heavy Blade"],"picked":"SKIP","floor":29},{"not_picked":["Hemokinesis","Disarm"],"picked":"Metallicize+1","floor":30},{"not_picked":["Rampage","Iron Wave","Flex"],"picked":"SKIP","floor":31},{"not_picked":["Bludgeon","Fiend Fire"],"picked":"Impervious","floor":33},{"not_picked":["Pummel","Flex"],"picked":"Armaments+1","floor":35}],"player_experience":2467245,"relics_obtained":[{"floor":6.0,"key":"TungstenRod"},{"floor":8.0,"key":"Lantern"},{"floor":9.0,"key":"Bottled Lightning"},{"floor":12,"key":"Strawberry"},{"floor":23,"key":"Boot"},{"floor":26,"key":"Eternal Feather"},{"floor":27,"key":"Red Mask"},{"floor":30,"key":"PreservedInsect"}],"event_choices":[{"damage_healed":0.0,"max_hp_gain":0.0,"max_hp_loss":0.0,"gold_gain":0.0,"event_name":"Golden Idol","player_choice":"Take Damage","floor":7.0,"gold_loss":0.0,"damage_taken":26.0,"relics_obtained":["Golden Idol"]},{"damage_healed":0,"gold_gain":0,"player_choice":"Grow","damage_taken":0,"max_hp_gain":0,"max_hp_loss":0,"event_name":"Living Wall","floor":11,"gold_loss":0,"cards_upgraded":["Carnage"]},{"damage_healed":0,"gold_gain":0,"cards_transformed":["Strike_R"],"player_choice":"Transformed","damage_taken":0,"max_hp_gain":0,"max_hp_loss":0,"event_name":"Transmorgrifier","floor":19,"gold_loss":0,"cards_obtained":["Clothesline"]},{"damage_healed":0,"gold_gain":0,"player_choice":"Fought Bandits","damage_taken":0,"max_hp_gain":0,"max_hp_loss":0,"event_name":"Masked Bandits","floor":27,"gold_loss":0}],"is_beta":false,"boss_relics":[{"not_picked":["Mark of Pain","Runic Dome"],"picked":"Astrolabe"},{"not_picked":["Calling Bell","Philosopher\u0027s Stone"],"picked":"Snecko Eye"}],"items_purged_floors":[2,20],"is_endless":false,"potions_floor_spawned":[3,6,8,14,16,21,29,30,33,35],"killed_by":"3 Darklings","ascension_level":20}