{"gold_per_floor":[111,130,145,145,145,184,184,205,231,5,5,5,38,56,56,177,177,190,190,190,16,36,50,50,86,112,112,112,187,41,61,61,61],"floor_reached":33,"playtime":3888,"items_purged":[],"score":273,"play_id":"a0f7900a-c0ac-4e01-85fa-fc17560a56e0","local_time":"20200913234507","is_ascension_mode":false,"campfire_choices":[{"floor":7,"key":"REST"},{"data":"Defend_R","floor":12,"key":"SMITH"},{"data":"Searing Blow","floor":15,"key":"SMITH"},{"data":"RitualDagger","floor":28,"key":"SMITH"},{"data":"Whirlwind","floor":32,"key":"SMITH"}],"neow_cost":"","seed_source_timestamp":3701565517800,"circlet_count":0,"master_deck":["Strike_R+1","Strike_R+1","Strike_R+1","Strike_R+1","Strike_R+1","Defend_R+1","Defend_R+1","Defend_R+1","Defend_R+1","Bash","Pommel Strike","Inflame","Flex","Whirlwind+1","Metallicize","Carnage","Searing Blow+1","Barricade","Flame Barrier+1","RitualDagger+1","PanicButton","Rampage","Armaments","Twin Strike+1","Reaper","Iron Wave+1"],"relics":["Burning Blood","Golden Idol","Pen Nib","Red Skull","Strawberry","War Paint","SacredBark","Ginger","Nunchaku","PreservedInsect","MutagenicStrength","Mercury Hourglass","TheAbacus"],"potions_floor_usage":[16,16,25,33],"damage_taken":[{"damage":7,"enemies":"Small Slimes","floor":1,"turns":5},{"damage":1,"enemies":"Jaw Worm","floor":2,"turns":5},{"damage":1,"enemies":"Cultist","floor":3,"turns":3},{"damage":38,"enemies":"Gremlin Nob","floor":6,"turns":5},{"damage":10,"enemies":"Looter","floor":8,"turns":3},{"damage":17,"enemies":"Lagavulin","floor":13,"turns":5},{"damage":21,"enemies":"Gremlin Gang","floor":14,"turns":3},{"damage":12,"enemies":"The Guardian","floor":16,"turns":11},{"damage":2,"enemies":"3 Byrds","floor":18,"turns":6},{"damage":17,"enemies":"Spheric Guardian","floor":22,"turns":5},{"damage":24,"enemies":"Centurion and Healer","floor":23,"turns":7},{"damage":36,"enemies":"Slavers","floor":25,"turns":6},{"damage":12,"enemies":"3 Cultists","floor":31,"turns":3},{"damage":41,"enemies":"Champ","floor":33,"turns":9}],"seed_played":"8728708533209751294","potions_obtained":[{"floor":6,"key":"SpeedPotion"},{"floor":13,"key":"EssenceOfSteel"},{"floor":16,"key":"Regen Potion"},{"floor":18,"key":"AttackPotion"},{"floor":23,"key":"ElixirPotion"},{"floor":25,"key":"Block Potion"}],"is_trial":false,"path_per_floor":["M","M","M","?","?","E","R","M","T","$","?","R","E","M","R","B",null,"M","?","?","$","M","M","?","E","T","?","R","T","$","M","R","B"],"character_chosen":"IRONCLAD","items_purchased":["Strawberry","Metallicize","PanicButton","Rampage","TheAbacus"],"campfire_rested":1,"item_purchase_floors":[10,10,21,21,30],"current_hp_per_floor":[79,80,80,80,60,28,52,48,48,55,60,60,49,34,34,28,87,87,81,81,81,70,52,52,32,32,32,32,32,32,40,40,0],"gold":61,"neow_bonus":"","is_prod":false,"is_daily":false,"chose_seed":false,"campfire_upgraded":4,"win_rate":0.0,"timestamp":1600058707,"path_taken":["M","M","M","?","?","E","R","M","T","$","?","R","E","M","R","BOSS","M","?","?","$","?","M","?","E","T","?","R","?","?","M","R","BOSS"],"build_version":"2020-07-30","purchased_purges":0,"victory":false,"max_hp_per_floor":[80,80,80,80,80,80,80,80,80,87,87,87,87,87,87,87,87,87,87,87,87,87,87,87,87,87,87,87,87,87,87,87,87],"card_choices":[{"not_picked":["True Grit","Battle Trance"],"picked":"Pommel Strike","floor":1},{"not_picked":["Headbutt","Perfected Strike"],"picked":"Inflame","floor":2},{"not_picked":["Thunderclap","True Grit"],"picked":"Flex","floor":3},{"not_picked":["Disarm","Ghostly Armor"],"picked":"Body Slam","floor":6},{"not_picked":["Uppercut","Bludgeon"],"picked":"Whirlwind","floor":8},{"not_picked":["Twin Strike","Reckless Charge"],"picked":"Carnage","floor":13},{"not_picked":["Pummel","Hemokinesis"],"picked":"Searing Blow","floor":14},{"not_picked":["Fiend Fire","Brutality"],"picked":"Barricade","floor":16},{"not_picked":["Headbutt","Metallicize"],"picked":"Flame Barrier+1","floor":18},{"not_picked":["Shockwave","Body Slam"],"picked":"Armaments","floor":22},{"not_picked":["Anger+1","Burning Pact"],"picked":"Twin Strike+1","floor":23},{"not_picked":["Flex","Twin Strike"],"picked":"Reaper","floor":25},{"not_picked":["Rampage","Cleave"],"picked":"Iron Wave+1","floor":31}],"player_experience":0,"relics_obtained":[{"floor":6,"key":"Pen Nib"},{"floor":9,"key":"Red Skull"},{"floor":13,"key":"War Paint"},{"floor":25,"key":"Nunchaku"},{"floor":26,"key":"PreservedInsect"},{"floor":29,"key":"Mercury Hourglass"}],"event_choices":[{"damage_healed":0,"gold_gain":0,"player_choice":"Leave","damage_taken":0,"max_hp_gain":0,"max_hp_loss":0,"event_name":"The Cleric","floor":4,"gold_loss":0},{"damage_healed":0,"gold_gain":0,"player_choice":"Take Damage","damage_taken":20,"relics_obtained":["Golden Idol"],"max_hp_gain":0,"max_hp_loss":0,"event_name":"Golden Idol","floor":5,"gold_loss":0},{"cards_removed":["Body Slam"],"damage_healed":5,"gold_gain":0,"player_choice":"Offered Common","damage_taken":0,"max_hp_gain":0,"max_hp_loss":0,"event_name":"Bonfire Elementals","floor":11,"gold_loss":0},{"cards_removed":["Body Slam"],"damage_healed":5,"gold_gain":0,"player_choice":"Offered Special","damage_taken":0,"max_hp_gain":0,"max_hp_loss":0,"event_name":"Bonfire Elementals","floor":11,"gold_loss":0},{"damage_healed":0,"gold_gain":0,"player_choice":"Joined the Cult","damage_taken":6,"max_hp_gain":0,"max_hp_loss":0,"event_name":"Nest","floor":19,"gold_loss":0,"cards_obtained":["RitualDagger"]},{"damage_healed":0,"gold_gain":0,"player_choice":"Gave Potion","damage_taken":0,"relics_obtained":["Ginger"],"max_hp_gain":0,"max_hp_loss":0,"event_name":"WeMeetAgain","floor":20,"gold_loss":0},{"damage_healed":0,"gold_gain":0,"player_choice":"Simplicity","damage_taken":0,"max_hp_gain":0,"max_hp_loss":0,"event_name":"Back to Basics","floor":24,"gold_loss":0,"cards_upgraded":["Strike_R","Strike_R","Strike_R","Strike_R","Strike_R","Defend_R"]},{"damage_healed":0,"gold_gain":0,"player_choice":"Inject Mutagens","damage_taken":0,"relics_obtained":["MutagenicStrength"],"max_hp_gain":0,"max_hp_loss":0,"event_name":"Drug Dealer","floor":27,"gold_loss":0}],"is_beta":false,"boss_relics":[{"not_picked":["Fusion Hammer","Ectoplasm"],"picked":"SacredBark"}],"items_purged_floors":[],"is_endless":false,"potions_floor_spawned":[6,13,16,18,23,25],"killed_by":"Champ","ascension_level":0}