{"gold_per_floor":[116,128,141,141,141,141,168,188,270,50,50,84,84,98,98,198,198,214,129,141,166,196,208,230,242,254,283,326,352,379,419,431,539,551,581,35,46,61,75,75,110,125,125,135,16,16,16,30,30,30],"floor_reached":51,"playtime":7747,"items_purged":["Pain"],"score":708,"play_id":"6925966c-4509-4266-91b3-db01d22790e2","local_time":"20200916130412","is_ascension_mode":false,"campfire_choices":[{"data":"Thunderclap","floor":6.0,"key":"SMITH"},{"floor":11.0,"key":"REST"},{"data":"Uppercut","floor":15.0,"key":"SMITH"},{"floor":23.0,"key":"REST"},{"data":"Demon Form","floor":25.0,"key":"SMITH"},{"floor":32,"key":"REST"},{"data":"Whirlwind","floor":40,"key":"SMITH"},{"data":"Shockwave","floor":47,"key":"SMITH"},{"data":"Carnage","floor":49,"key":"SMITH"}],"neow_cost":"TEN_PERCENT_HP_LOSS","seed_source_timestamp":0,"circlet_count":0,"master_deck":["Strike_R","Strike_R","Strike_R","Strike_R","Strike_R","Defend_R","Defend_R","Defend_R+1","Defend_R","Bash","Iron Wave","Flex","Thunderclap+1","Demon Form+1","Uppercut+1","Flame Barrier","Feed","Dropkick","Berserk","Armaments+1","Necronomicurse","Cleave","Pommel Strike+1","Clothesline","Dual Wield","Infernal Blade","Seeing Red+1","Anger","Feel No Pain+1","Impervious","Perfected Strike+1","Panache","Good Instincts+1","Whirlwind+1","Intimidate+1","Shockwave+1","Cleave+1","Carnage+1","Perfected Strike+1","Shame","Regret","Anger+1"],"special_seed":0,"relics":["Black Blood","Torii","Incense Burner","Shuriken","Bag of Marbles","Red Skull","Cursed Key","MawBank","Necronomicon","InkBottle","Mercury Hourglass","Thread and Needle","Membership Card","Happy Flower","Matryoshka","War Paint","Potion Belt","Eternal Feather","Bottled Lightning"],"potions_floor_usage":[31,35,39,50,50,50,50,50],"damage_taken":[{"damage":0.0,"enemies":"2 Louse","floor":1.0,"turns":3.0},{"damage":7.0,"enemies":"Jaw Worm","floor":2.0,"turns":4.0},{"damage":6.0,"enemies":"Cultist","floor":3.0,"turns":3.0},{"damage":43.0,"enemies":"Lagavulin","floor":7.0,"turns":10.0},{"damage":0.0,"enemies":"2 Fungi Beasts","floor":8.0,"turns":2.0},{"damage":12.0,"enemies":"3 Sentries","floor":12.0,"turns":8.0},{"damage":0.0,"enemies":"Lots of Slimes","floor":14.0,"turns":3.0},{"damage":28.0,"enemies":"Hexaghost","floor":16.0,"turns":7.0},{"damage":12.0,"enemies":"Shell Parasite","floor":18.0,"turns":5.0},{"damage":19.0,"enemies":"2 Thieves","floor":21.0,"turns":4.0},{"damage":29.0,"enemies":"3 Cultists","floor":22.0,"turns":5.0},{"damage":2.0,"enemies":"Snake Plant","floor":24.0,"turns":2.0},{"damage":3.0,"enemies":"Centurion and Healer","floor":27.0,"turns":4.0},{"damage":11,"enemies":"Gremlin Leader","floor":28,"turns":4},{"damage":16,"enemies":"Shelled Parasite and Fungi","floor":29,"turns":2},{"damage":5,"enemies":"Chosen and Byrds","floor":30,"turns":3},{"damage":12,"enemies":"Slavers","floor":31,"turns":3},{"damage":12,"enemies":"Automaton","floor":33,"turns":6},{"damage":24,"enemies":"3 Shapes","floor":35,"turns":3},{"damage":2,"enemies":"3 Darklings","floor":37,"turns":5},{"damage":0,"enemies":"Transient","floor":38,"turns":5},{"damage":16,"enemies":"Jaw Worm Horde","floor":39,"turns":4},{"damage":26,"enemies":"Reptomancer","floor":41,"turns":4},{"damage":8,"enemies":"3 Darklings","floor":42,"turns":2},{"damage":0,"enemies":"Sphere and 2 Shapes","floor":44,"turns":1},{"damage":4,"enemies":"Maw","floor":48,"turns":5},{"damage":28,"enemies":"Awakened One","floor":50,"turns":8}],"seed_played":"-4096007794195517638","potions_obtained":[{"floor":2.0,"key":"SpeedPotion"},{"floor":14.0,"key":"Explosive Potion"},{"floor":16.0,"key":"EntropicBrew"},{"floor":22.0,"key":"DistilledChaos"},{"floor":28,"key":"DuplicationPotion"},{"floor":31,"key":"SkillPotion"},{"floor":35,"key":"SneckoOil"},{"floor":38,"key":"BlessingOfTheForge"},{"floor":42,"key":"LiquidBronze"}],"is_trial":false,"path_per_floor":["M","M","M","$","?","R","E","M","T","$","R","E","?","M","R","B",null,"M","?","?","M","M","R","M","R","T","M","E","M","M","E","R","B",null,"M","$","M","M","M","R","E","M","T","M","$","?","R","M","R","B",null],"character_chosen":"IRONCLAD","items_purchased":["Bag of Marbles","Flame Barrier","Membership Card","Happy Flower","Matryoshka","Panache","Good Instincts","Whirlwind","Bottled Lightning"],"campfire_rested":3,"item_purchase_floors":[10,10,36,36,36,36,36,36,45],"current_hp_per_floor":[72,71,71,71,71,71,34,40,40,40,61,55,55,64,64,42,75,72,72,56,46,26,51,59,59,59,65,60,50,51,45,72,66,91,82,82,92,94,90,90,76,80,80,92,92,92,94,94,94,78],"gold":30,"neow_bonus":"ONE_RARE_RELIC","is_prod":false,"is_daily":false,"chose_seed":false,"campfire_upgraded":6,"win_rate":0.0,"timestamp":1600279452,"path_taken":["M","M","M","$","?","R","E","M","T","$","R","E","?","M","R","BOSS","M","?","?","M","M","R","M","R","T","M","E","M","M","E","R","BOSS","M","$","M","M","M","R","E","M","T","M","$","?","R","M","R","BOSS"],"build_version":"2020-07-30","purchased_purges":1,"victory":true,"max_hp_per_floor":[72,72,72,72,72,72,72,72,72,72,72,72,72,75,75,75,75,78,78,78,81,84,84,88,88,88,91,91,91,91,91,91,91,91,94,94,94,94,94,94,94,94,94,94,94,94,94,94,94,94],"card_choices":[{"not_picked":["Pommel Strike","Dual Wield"],"picked":"Iron Wave","floor":1.0},{"not_picked":["Twin Strike","Sword Boomerang"],"picked":"Flex","floor":2.0},{"not_picked":["Body Slam","True Grit"],"picked":"Thunderclap","floor":3.0},{"not_picked":["Thunderclap","Fire Breathing"],"picked":"Demon Form","floor":7.0},{"not_picked":["Iron Wave","Flex"],"picked":"Uppercut","floor":8.0},{"not_picked":["Inflame","Clash"],"picked":"Feed","floor":12.0},{"not_picked":["Reckless Charge","Perfected Strike"],"picked":"Dropkick","floor":14.0},{"not_picked":["Barricade","Offering"],"picked":"Berserk","floor":16.0},{"not_picked":["Cleave+1","Sword Boomerang"],"picked":"Armaments+1","floor":18.0},{"not_picked":["Warcry","Twin Strike+1"],"picked":"Cleave","floor":21.0},{"not_picked":["Warcry","Thunderclap"],"picked":"Pommel Strike+1","floor":22.0},{"not_picked":["Iron Wave","Body Slam+1"],"picked":"Clothesline","floor":24.0},{"not_picked":["Rupture","Sword Boomerang+1"],"picked":"Dual Wield","floor":27},{"not_picked":["Flex","Clothesline+1"],"picked":"Infernal Blade","floor":28},{"not_picked":["Ghostly Armor","Shockwave"],"picked":"Seeing Red+1","floor":29},{"not_picked":["Disarm","Intimidate"],"picked":"Anger","floor":30},{"not_picked":["Twin Strike","Headbutt"],"picked":"Feel No Pain+1","floor":31},{"not_picked":["Offering","Corruption"],"picked":"Impervious","floor":33},{"not_picked":["Burning Pact+1","Twin Strike+1"],"picked":"Perfected Strike+1","floor":35},{"not_picked":["True Grit+1","Iron Wave+1"],"picked":"Intimidate+1","floor":37},{"not_picked":["Combust","Seeing Red"],"picked":"Shockwave","floor":38},{"not_picked":["Sword Boomerang","Twin Strike"],"picked":"Cleave+1","floor":39},{"not_picked":["Flex","Combust"],"picked":"Carnage","floor":41},{"not_picked":["Dark Embrace","Reckless Charge"],"picked":"Perfected Strike+1","floor":42},{"not_picked":["Fiend Fire","Second Wind","Headbutt+1"],"picked":"SKIP","floor":44},{"not_picked":["Twin Strike+1","Ghostly Armor+1"],"picked":"Anger+1","floor":48}],"player_experience":3888,"relics_obtained":[{"floor":7.0,"key":"Incense Burner"},{"floor":9.0,"key":"Shuriken"},{"floor":12.0,"key":"Red Skull"},{"floor":20.0,"key":"Necronomicon"},{"floor":26.0,"key":"InkBottle"},{"floor":28,"key":"Mercury Hourglass"},{"floor":31,"key":"Thread and Needle"},{"floor":41,"key":"War Paint"},{"floor":43,"key":"Potion Belt"},{"floor":43,"key":"Eternal Feather"}],"event_choices":[{"damage_healed":0.0,"max_hp_gain":0.0,"max_hp_loss":0.0,"gold_gain":0.0,"event_name":"Golden Wing","player_choice":"Ignored","floor":5.0,"gold_loss":0.0,"damage_taken":0.0},{"damage_healed":0.0,"max_hp_gain":0.0,"max_hp_loss":0.0,"gold_gain":0.0,"event_name":"Scrap Ooze","player_choice":"Fled","floor":13.0,"gold_loss":0.0,"damage_taken":0.0},{"damage_healed":0.0,"max_hp_gain":0.0,"max_hp_loss":0.0,"gold_gain":0.0,"event_name":"Addict","player_choice":"Obtained Relic","floor":19.0,"gold_loss":85.0,"damage_taken":0.0,"relics_obtained":["MawBank"]},{"damage_healed":0.0,"max_hp_gain":0.0,"max_hp_loss":0.0,"gold_gain":0.0,"event_name":"Cursed Tome","player_choice":"Obtained Book","floor":20.0,"gold_loss":0.0,"damage_taken":16.0},{"damage_healed":0,"gold_gain":0,"player_choice":"1 cards matched","damage_taken":0,"max_hp_gain":0,"max_hp_loss":0,"event_name":"Match and Keep!","floor":46,"gold_loss":0,"cards_obtained":["Regret"]}],"is_beta":false,"boss_relics":[{"not_picked":["Mark of Pain","Fusion Hammer"],"picked":"Cursed Key"},{"not_picked":["Tiny House","Black Star"],"picked":"Black Blood"}],"items_purged_floors":[36],"is_endless":false,"potions_floor_spawned":[2,14,16,22,24,28,29,31,33,35,38,42],"ascension_level":0}