{"gold_per_floor":[111,121,121,135,152,187,187,219,296,327,327,27,37,49,49,145,145,165,90,90,90,107,142,155,190,190,290,303,337,350,382,382,486,486,504,554,567,612,11,11,21,21,21,48,48,79,91,130,142,154],"floor_reached":51,"playtime":6698,"items_purged":["Strike_R"],"score":1158,"play_id":"11edea99-1143-4bf1-a804-8815a409c0fe","local_time":"20200926225255","is_ascension_mode":true,"campfire_choices":[{"floor":7,"key":"REST"},{"data":"Bash","floor":15,"key":"SMITH"},{"data":"Metallicize","floor":32,"key":"SMITH"},{"data":"Limit Break","floor":40,"key":"SMITH"},{"data":"Inflame","floor":45,"key":"SMITH"},{"data":"Spot Weakness","floor":47,"key":"SMITH"},{"data":"Sword Boomerang","floor":49,"key":"SMITH"}],"neow_cost":"NONE","seed_source_timestamp":342035945700,"circlet_count":0,"master_deck":["Strike_R","Strike_R","Strike_R","Defend_R","Defend_R","Defend_R","Defend_R","Bash+1","Sword Boomerang","Battle Trance","Twin Strike","Cleave","Flame Barrier","Hemokinesis","Ghostly Armor","Impervious","Inflame+1","RitualDagger","Metallicize+1","Whirlwind+1","Offering","Shrug It Off+1","Rage","True Grit","Limit Break+1","Flex+1","Sword Boomerang+1","Metallicize","Heavy Blade+1","Spot Weakness+1"],"relics":["Burning Blood","Bottled Lightning","Charon\u0027s Ashes","InkBottle","Potion Belt","CultistMask","Cauldron","Red Skull","Philosopher\u0027s Stone","Centennial Puzzle","Bag of Marbles","Dream Catcher","Paper Frog","Incense Burner","Mummified Hand","Boot","Vajra","Cursed Key","Pocketwatch","Gambling Chip","Bronze Scales","ClockworkSouvenir","Orichalcum","Question Card","MawBank","CaptainsWheel"],"potions_floor_usage":[6,7,8,10,23,25,33,33,50,50,50,50],"damage_taken":[{"damage":6,"enemies":"Jaw Worm","floor":1,"turns":6},{"damage":1,"enemies":"Cultist","floor":2,"turns":3},{"damage":5,"enemies":"Small Slimes","floor":4,"turns":4},{"damage":40,"enemies":"Exordium Thugs","floor":5,"turns":7},{"damage":36,"enemies":"Lagavulin","floor":6,"turns":7},{"damage":21,"enemies":"3 Sentries","floor":8,"turns":6},{"damage":24,"enemies":"Lagavulin","floor":10,"turns":5},{"damage":0,"enemies":"2 Fungi Beasts","floor":13,"turns":2},{"damage":0,"enemies":"Large Slime","floor":14,"turns":3},{"damage":3,"enemies":"Slime Boss","floor":16,"turns":4},{"damage":20,"enemies":"3 Byrds","floor":18,"turns":5},{"damage":11,"enemies":"Chosen","floor":22,"turns":4},{"damage":7,"enemies":"Slavers","floor":23,"turns":3},{"damage":2,"enemies":"3 Cultists","floor":24,"turns":4},{"damage":45,"enemies":"Book of Stabbing","floor":25,"turns":5},{"damage":0,"enemies":"Colosseum Slavers","floor":27,"turns":1},{"damage":6,"enemies":"Colosseum Nobs","floor":27,"turns":1},{"damage":8,"enemies":"Snake Plant","floor":28,"turns":2},{"damage":6,"enemies":"Slavers","floor":29,"turns":1},{"damage":3,"enemies":"Centurion and Healer","floor":30,"turns":1},{"damage":0,"enemies":"Gremlin Leader","floor":31,"turns":8},{"damage":41,"enemies":"Automaton","floor":33,"turns":5},{"damage":1,"enemies":"Orb Walker","floor":35,"turns":1},{"damage":11,"enemies":"Mind Bloom Boss Battle","floor":36,"turns":6},{"damage":3,"enemies":"3 Darklings","floor":37,"turns":3},{"damage":14,"enemies":"2 Orb Walkers","floor":38,"turns":3},{"damage":0,"enemies":"4 Shapes","floor":41,"turns":3},{"damage":3,"enemies":"Giant Head","floor":44,"turns":4},{"damage":27,"enemies":"Reptomancer","floor":46,"turns":3},{"damage":0,"enemies":"Nemesis","floor":48,"turns":1},{"damage":0,"enemies":"Donu and Deca","floor":50,"turns":2}],"seed_played":"5491312186134608249","potions_obtained":[{"floor":1,"key":"ColorlessPotion"},{"floor":2,"key":"Fruit Juice"},{"floor":5,"key":"PowerPotion"},{"floor":8,"key":"PowerPotion"},{"floor":12,"key":"Ancient Potion"},{"floor":12,"key":"DistilledChaos"},{"floor":12,"key":"PowerPotion"},{"floor":12,"key":"DistilledChaos"},{"floor":12,"key":"PowerPotion"},{"floor":22,"key":"GamblersBrew"},{"floor":25,"key":"Strength Potion"},{"floor":28,"key":"Ancient Potion"},{"floor":29,"key":"EssenceOfSteel"},{"floor":33,"key":"Fire Potion"},{"floor":35,"key":"SteroidPotion"},{"floor":36,"key":"DistilledChaos"},{"floor":37,"key":"SteroidPotion"}],"is_trial":false,"path_per_floor":["M","M","?","M","M","E","R","E","T","E","?","$","M","M","R","B",null,"M","?","?","?","M","E","M","E","T","?","M","E","M","E","R","B",null,"M","?","M","?","$","R","M","$","T","E","R","E","R","E","R","B",null],"character_chosen":"IRONCLAD","items_purchased":["Cauldron","Red Skull","Sword Boomerang","Bronze Scales","ClockworkSouvenir","Orichalcum","Metallicize"],"campfire_rested":1,"item_purchase_floors":[12,12,39,39,39,39,39],"current_hp_per_floor":[88,88,93,93,59,29,61,46,46,28,28,28,34,40,40,43,98,84,84,78,78,73,72,76,37,37,43,41,41,44,50,50,15,98,98,93,96,88,88,88,94,94,94,97,97,76,76,82,82,88],"gold":166,"neow_bonus":"TEN_PERCENT_HP_BONUS","is_prod":false,"is_daily":false,"chose_seed":false,"campfire_upgraded":6,"win_rate":0,"timestamp":1601178775,"path_taken":["M","M","?","M","M","E","R","E","T","E","?","$","M","M","R","BOSS","M","?","?","?","M","E","?","E","T","?","M","E","M","E","R","BOSS","M","?","M","?","$","R","M","?","T","E","R","E","R","E","R","BOSS"],"build_version":"2020-07-30","purchased_purges":1,"victory":true,"max_hp_per_floor":[88,88,93,93,93,93,98,98,98,98,98,98,98,98,98,98,98,98,98,98,98,98,98,98,98,98,98,98,98,98,98,98,98,98,98,98,98,98,98,98,98,98,98,98,98,98,98,98,98,98],"card_choices":[{"not_picked":["Dropkick","Heavy Blade"],"picked":"Sword Boomerang","floor":1},{"not_picked":["Metallicize","Flex"],"picked":"Battle Trance","floor":2},{"not_picked":["Body Slam","Armaments"],"picked":"Twin Strike","floor":4},{"not_picked":["Pummel","Flex","Intimidate"],"picked":"SKIP","floor":5},{"not_picked":["Battle Trance","Seeing Red"],"picked":"Cleave","floor":6},{"not_picked":["Iron Wave","Feel No Pain"],"picked":"Flame Barrier","floor":8},{"not_picked":["Clash","Thunderclap"],"picked":"Hemokinesis","floor":10},{"not_picked":["Heavy Blade","Clash","Perfected Strike"],"picked":"SKIP","floor":13},{"not_picked":["Combust","Battle Trance"],"picked":"Ghostly Armor","floor":14},{"not_picked":["Offering","Bludgeon"],"picked":"Impervious","floor":16},{"not_picked":["Warcry+1","Pommel Strike"],"picked":"Inflame","floor":18},{"not_picked":["Body Slam","Twin Strike"],"picked":"Metallicize","floor":22},{"not_picked":["Seeing Red","Rupture"],"picked":"Whirlwind+1","floor":23},{"not_picked":["Body Slam","Clothesline","Perfected Strike+1"],"picked":"SKIP","floor":24},{"not_picked":["Burning Pact","Second Wind"],"picked":"Offering","floor":25},{"not_picked":["Power Through","Sword Boomerang+1"],"picked":"Shrug It Off+1","floor":28},{"not_picked":["Heavy Blade","Bloodletting","Bludgeon"],"picked":"SKIP","floor":29},{"not_picked":["Hemokinesis","Battle Trance"],"picked":"Rage","floor":30},{"not_picked":["Seeing Red","Armaments"],"picked":"True Grit","floor":31},{"not_picked":["Feed","Offering"],"picked":"Limit Break","floor":33},{"not_picked":["Twin Strike","Sever Soul","Pommel Strike+1"],"picked":"SKIP","floor":35},{"not_picked":["Anger+1","Armaments"],"picked":"Flex+1","floor":36},{"not_picked":["Warcry+1","Seeing Red+1","Cleave+1"],"picked":"SKIP","floor":37},{"not_picked":["Warcry+1","Seeing Red+1","Cleave+1"],"picked":"SKIP","floor":37},{"not_picked":["Feed","Dual Wield+1","Infernal Blade"],"picked":"SKIP","floor":41},{"not_picked":["Burning Pact","Iron Wave"],"picked":"Heavy Blade+1","floor":44},{"not_picked":["Twin Strike","Infernal Blade","Thunderclap"],"picked":"Spot Weakness","floor":46},{"not_picked":["Sword Boomerang","Sever Soul+1","Pommel Strike","True Grit"],"picked":"SKIP","floor":48}],"player_experience":15758,"relics_obtained":[{"floor":6,"key":"Bottled Lightning"},{"floor":8,"key":"Charon\u0027s Ashes"},{"floor":9,"key":"InkBottle"},{"floor":10,"key":"Potion Belt"},{"floor":23,"key":"Bag of Marbles"},{"floor":25,"key":"Dream Catcher"},{"floor":26,"key":"Paper Frog"},{"floor":27,"key":"Incense Burner"},{"floor":27,"key":"Mummified Hand"},{"floor":29,"key":"Boot"},{"floor":31,"key":"Vajra"},{"floor":36,"key":"Pocketwatch"},{"floor":38,"key":"Gambling Chip"},{"floor":44,"key":"Question Card"},{"floor":46,"key":"MawBank"},{"floor":48,"key":"CaptainsWheel"}],"event_choices":[{"damage_healed":0,"gold_gain":0,"player_choice":"Donut","damage_taken":0,"max_hp_gain":5,"max_hp_loss":0,"event_name":"Big Fish","floor":3,"gold_loss":0},{"damage_healed":0,"gold_gain":0,"player_choice":"Trade","damage_taken":0,"relics_obtained":["CultistMask"],"max_hp_gain":0,"max_hp_loss":0,"event_name":"FaceTrader","floor":11,"gold_loss":0},{"cards_removed":["Strike_R"],"damage_healed":0,"gold_gain":0,"player_choice":"Gave Gold","damage_taken":0,"max_hp_gain":0,"max_hp_loss":0,"event_name":"Beggar","floor":19,"gold_loss":75},{"damage_healed":0,"gold_gain":0,"player_choice":"Joined the Cult","damage_taken":6,"max_hp_gain":0,"max_hp_loss":0,"event_name":"Nest","floor":20,"gold_loss":0,"cards_obtained":["RitualDagger"]},{"damage_healed":0,"gold_gain":0,"player_choice":"Gave Potion","damage_taken":0,"relics_obtained":["Centennial Puzzle"],"max_hp_gain":0,"max_hp_loss":0,"event_name":"WeMeetAgain","floor":21,"gold_loss":0},{"damage_healed":0,"gold_gain":0,"player_choice":"Fight","damage_taken":0,"max_hp_gain":0,"max_hp_loss":0,"event_name":"Colosseum","floor":27,"gold_loss":0},{"damage_healed":0,"gold_gain":0,"player_choice":"Fought Nobs","damage_taken":0,"max_hp_gain":0,"max_hp_loss":0,"event_name":"Colosseum","floor":27,"gold_loss":0},{"damage_healed":0,"gold_gain":0,"player_choice":"Fight","damage_taken":0,"max_hp_gain":0,"max_hp_loss":0,"event_name":"MindBloom","floor":36,"gold_loss":0},{"damage_healed":0,"gold_gain":0,"player_choice":"Fight","damage_taken":0,"max_hp_gain":0,"max_hp_loss":0,"event_name":"Mysterious Sphere","floor":38,"gold_loss":0}],"is_beta":false,"boss_relics":[{"not_picked":["Fusion Hammer","Mark of Pain"],"picked":"Philosopher\u0027s Stone"},{"not_picked":["Empty Cage","Runic Dome"],"picked":"Cursed Key"}],"items_purged_floors":[39],"is_endless":false,"potions_floor_spawned":[1,2,5,8,22,25,28,29,33,35,36,37,46],"ascension_level":1}