{"gold_per_floor":[113,113,44,64,80,80,111,111,111,154,168,184,184,218,218,339,339,322,322,4,29,29,29,70,70,70,70,70,70,88,108,108,239,239,257,257,270,270,24,24,57,57,57,70,114,114,128,172,172,172,172,172,21,54,54],"floor_reached":55,"playtime":7082,"items_purged":["Pain","Strike_R+1"],"score":843,"play_id":"a5eb2f0d-539f-4c78-bfb3-12935f13c7c9","local_time":"20201024002858","is_ascension_mode":true,"campfire_choices":[{"data":"Bash","floor":6.0,"key":"SMITH"},{"data":"True Grit","floor":8.0,"key":"SMITH"},{"floor":15.0,"key":"REST"},{"data":"Armaments","floor":23,"key":"SMITH"},{"data":"Limit Break","floor":25,"key":"SMITH"},{"floor":28,"key":"RECALL"},{"data":"Disarm","floor":32,"key":"SMITH"},{"data":"Metallicize","floor":40,"key":"SMITH"},{"floor":42,"key":"REST"},{"floor":46,"key":"REST"},{"data":"Demon Form","floor":49,"key":"SMITH"},{"data":"Intimidate","floor":52,"key":"SMITH"}],"neow_cost":"NONE","seed_source_timestamp":0,"circlet_count":0,"master_deck":["Strike_R+1","Strike_R+1","Strike_R+1","Strike_R+1","Defend_R+1","Defend_R+1","Defend_R+1","Defend_R+1","Bash+1","Disarm+1","True Grit+1","Pommel Strike","Body Slam","Thunderclap+1","Intimidate+1","Metallicize+1","Limit Break+1","Carnage+1","Clothesline+1","J.A.X.+1","Heavy Blade+1","Intimidate+1","Shrug It Off+1","Demon Form+1"],"special_seed":0,"relics":["Burning Blood","Golden Idol","Ancient Tea Set","Molten Egg 2","Gremlin Horn","WarpedTongs","PreservedInsect","Runic Pyramid","Self Forming Clay","Eternal Feather","Toxic Egg 2","Empty Cage","Vajra","Mercury Hourglass","Regal Pillow","Bronze Scales","Nunchaku","Mummified Hand"],"potions_floor_usage":[31,35,37,41,45,45,48,50,50,54,55],"damage_taken":[{"damage":7.0,"enemies":"Small Slimes","floor":1.0,"turns":3.0},{"damage":7.0,"enemies":"Jaw Worm","floor":4.0,"turns":4.0},{"damage":2.0,"enemies":"Cultist","floor":5.0,"turns":5.0},{"damage":24.0,"enemies":"3 Sentries","floor":7.0,"turns":7.0},{"damage":18.0,"enemies":"Lagavulin","floor":10.0,"turns":6.0},{"damage":9.0,"enemies":"Red Slaver","floor":11.0,"turns":4.0},{"damage":5.0,"enemies":"Blue Slaver","floor":12.0,"turns":5.0},{"damage":14.0,"enemies":"3 Sentries","floor":14.0,"turns":5.0},{"damage":36.0,"enemies":"Slime Boss","floor":16.0,"turns":13.0},{"damage":19.0,"enemies":"2 Thieves","floor":18.0,"turns":4.0},{"damage":0.0,"enemies":"Chosen","floor":21.0,"turns":5.0},{"damage":12,"enemies":"Book of Stabbing","floor":24,"turns":6},{"damage":26,"enemies":"Shelled Parasite and Fungi","floor":30,"turns":5},{"damage":4,"enemies":"3 Cultists","floor":31,"turns":4},{"damage":56,"enemies":"Champ","floor":33,"turns":12},{"damage":24,"enemies":"3 Darklings","floor":35,"turns":6},{"damage":15,"enemies":"3 Shapes","floor":37,"turns":4},{"damage":50,"enemies":"Giant Head","floor":41,"turns":8},{"damage":22,"enemies":"Spire Growth","floor":44,"turns":4},{"damage":24,"enemies":"Nemesis","floor":45,"turns":7},{"damage":26,"enemies":"4 Shapes","floor":47,"turns":7},{"damage":34,"enemies":"Giant Head","floor":48,"turns":6},{"damage":41,"enemies":"Donu and Deca","floor":50,"turns":10},{"damage":56,"enemies":"Shield and Spear","floor":54,"turns":7},{"damage":46,"enemies":"The Heart","floor":55,"turns":3}],"seed_played":"-8979847596321507216","potions_obtained":[{"floor":0.0,"key":"LiquidMemories"},{"floor":0.0,"key":"SpeedPotion"},{"floor":0.0,"key":"PowerPotion"},{"floor":4.0,"key":"CultistPotion"},{"floor":5.0,"key":"SteroidPotion"},{"floor":7.0,"key":"Energy Potion"},{"floor":12.0,"key":"GamblersBrew"},{"floor":21,"key":"Ancient Potion"},{"floor":24,"key":"Strength Potion"},{"floor":31,"key":"EntropicBrew"},{"floor":33,"key":"Strength Potion"},{"floor":35,"key":"AttackPotion"},{"floor":37,"key":"SpeedPotion"},{"floor":38,"key":"LiquidBronze"},{"floor":41,"key":"GamblersBrew"},{"floor":48,"key":"Ancient Potion"},{"floor":54,"key":"ColorlessPotion"}],"is_trial":false,"path_per_floor":["M","?","$","M","M","R","E","R","T","E","M","M","?","E","R","B",null,"M","T","$","M","?","R","E","R","T","?","R","?","M","M","R","B",null,"M","?","M","?","$","R","E","R","T","M","E","R","M","E","R","B",null,"R","$","E","B"],"character_chosen":"IRONCLAD","items_purchased":["Disarm","Armaments","EntropicBrew","ColorlessPotion","BloodPotion","Vajra","Nunchaku"],"campfire_rested":3,"item_purchase_floors":[3,20,20,20,20,39,53],"current_hp_per_floor":[79,59,59,58,62,62,44,44,44,32,29,30,30,22,46,16,80,67,67,67,73,73,73,67,79,79,79,80,80,60,62,74,24,80,78,78,69,69,69,80,36,72,72,56,38,80,60,32,44,25,80,80,80,30,0],"gold":54,"neow_bonus":"THREE_SMALL_POTIONS","is_prod":false,"is_daily":false,"chose_seed":false,"campfire_upgraded":8,"win_rate":0,"timestamp":1603517338,"path_taken":["M","?","?","M","M","R","E","R","T","E","M","M","?","E","R","BOSS","M","?","$","?","?","R","E","R","T","?","R","?","?","M","R","BOSS","M","?","M","?","$","R","E","R","T","M","E","R","M","E","R","BOSS","R","$","E","BOSS"],"build_version":"2020-07-30","purchased_purges":2,"victory":false,"max_hp_per_floor":[80,80,80,80,80,80,80,80,80,80,80,80,80,80,80,80,80,80,80,80,80,80,80,80,80,80,80,80,80,80,80,80,80,80,80,80,80,80,80,80,80,80,80,80,80,80,80,80,80,80,80,80,80,80,80],"card_choices":[{"not_picked":["Anger","True Grit"],"picked":"Whirlwind","floor":1.0},{"not_picked":["Power Through","Perfected Strike"],"picked":"True Grit","floor":4.0},{"not_picked":["Reckless Charge","Disarm"],"picked":"Pommel Strike","floor":5.0},{"not_picked":["Twin Strike","Perfected Strike"],"picked":"Body Slam","floor":7.0},{"not_picked":["Flex","Perfected Strike+1","Corruption"],"picked":"SKIP","floor":10.0},{"not_picked":["Whirlwind+1","Clash+1"],"picked":"Thunderclap+1","floor":11.0},{"not_picked":["Armaments","Shrug It Off"],"picked":"Intimidate","floor":12.0},{"not_picked":["Shrug It Off","Rampage+1"],"picked":"Metallicize","floor":14.0},{"not_picked":["Berserk","Double Tap"],"picked":"Limit Break","floor":16.0},{"not_picked":["Sword Boomerang+1","Disarm+1"],"picked":"Carnage+1","floor":18.0},{"not_picked":["Burning Pact","Power Through+1"],"picked":"Armaments","floor":21},{"not_picked":["Sword Boomerang+1","Infernal Blade"],"picked":"Clothesline+1","floor":24},{"not_picked":["Headbutt+1","Armaments+1","Corruption"],"picked":"SKIP","floor":30},{"not_picked":["Twin Strike+1","Pommel Strike+1"],"picked":"Heavy Blade+1","floor":31},{"not_picked":["Feel No Pain+1","Twin Strike+1","Iron Wave+1"],"picked":"SKIP","floor":35},{"not_picked":["Clothesline+1","Armaments+1","Thunderclap+1"],"picked":"SKIP","floor":37},{"not_picked":["Hemokinesis+1","Body Slam+1"],"picked":"Intimidate+1","floor":41},{"not_picked":["Cleave+1","Warcry+1","Shockwave+1"],"picked":"SKIP","floor":44},{"not_picked":["Pommel Strike+1","Cleave+1","Infernal Blade+1"],"picked":"SKIP","floor":45},{"not_picked":["Rage+1","Iron Wave+1"],"picked":"Shrug It Off+1","floor":47},{"not_picked":["Combust","Warcry+1"],"picked":"Demon Form","floor":48},{"not_picked":["Cleave+1","Thunderclap+1","Berserk"],"picked":"SKIP","floor":54}],"player_experience":125368,"relics_obtained":[{"floor":7.0,"key":"Ancient Tea Set"},{"floor":9.0,"key":"Molten Egg 2"},{"floor":10.0,"key":"Gremlin Horn"},{"floor":14.0,"key":"PreservedInsect"},{"floor":19.0,"key":"Self Forming Clay"},{"floor":24,"key":"Eternal Feather"},{"floor":26,"key":"Toxic Egg 2"},{"floor":41,"key":"Mercury Hourglass"},{"floor":45,"key":"Regal Pillow"},{"floor":48,"key":"Bronze Scales"},{"floor":54,"key":"Mummified Hand"}],"event_choices":[{"damage_healed":0.0,"max_hp_gain":0.0,"max_hp_loss":0.0,"gold_gain":0.0,"event_name":"Golden Idol","player_choice":"Take Damage","floor":2.0,"gold_loss":0.0,"damage_taken":20.0,"relics_obtained":["Golden Idol"]},{"damage_healed":0.0,"max_hp_gain":0.0,"max_hp_loss":0.0,"gold_gain":0.0,"event_name":"Accursed Blacksmith","player_choice":"Rummage","floor":13.0,"gold_loss":0.0,"damage_taken":0.0,"relics_obtained":["WarpedTongs"],"cards_obtained":["Pain"]},{"damage_healed":0,"gold_gain":0,"player_choice":"Simplicity","damage_taken":0,"max_hp_gain":0,"max_hp_loss":0,"event_name":"Back to Basics","floor":22,"gold_loss":0,"cards_upgraded":["Strike_R","Strike_R","Strike_R","Strike_R","Strike_R","Defend_R","Defend_R","Defend_R","Defend_R"]},{"damage_healed":0,"gold_gain":0,"player_choice":"Obtain J.A.X.","damage_taken":0,"max_hp_gain":0,"max_hp_loss":0,"event_name":"Drug Dealer","floor":27,"gold_loss":0,"cards_obtained":["J.A.X."]},{"cards_removed":["Armaments"],"damage_healed":5,"gold_gain":0,"player_choice":"Offered Common","damage_taken":0,"max_hp_gain":0,"max_hp_loss":0,"event_name":"Bonfire Elementals","floor":29,"gold_loss":0},{"cards_removed":["Armaments"],"damage_healed":5,"gold_gain":0,"player_choice":"Offered Special","damage_taken":0,"max_hp_gain":0,"max_hp_loss":0,"event_name":"Bonfire Elementals","floor":29,"gold_loss":0},{"damage_healed":0,"gold_gain":0,"player_choice":"Ignored","damage_taken":0,"max_hp_gain":0,"max_hp_loss":0,"event_name":"Tomb of Lord Red Mask","floor":36,"gold_loss":0},{"damage_healed":0,"gold_gain":0,"player_choice":"Got Potions","damage_taken":0,"max_hp_gain":0,"max_hp_loss":0,"event_name":"Lab","floor":38,"gold_loss":0}],"is_beta":false,"boss_relics":[{"not_picked":["Runic Cube","Velvet Choker"],"picked":"Runic Pyramid"},{"not_picked":["SacredBark","Calling Bell"],"picked":"Empty Cage"}],"items_purged_floors":[20,39],"is_endless":false,"potions_floor_spawned":[4,5,7,12,21,24,31,33,35,37,41,44,48,54],"killed_by":"The Heart","ascension_level":2}