{"gold_per_floor":[10,21,21,35,35,74,25,25,25,45,68,108,108,132,132,262,262,285,300,325,325,338,338],"floor_reached":23,"playtime":2296,"items_purged":[],"score":261,"play_id":"25afb411-05ee-44da-a803-7a88b87ea813","local_time":"20210430230542","is_ascension_mode":true,"campfire_choices":[{"floor":8,"key":"REST"},{"floor":13,"key":"REST"},{"data":"Bash","floor":15,"key":"SMITH"}],"neow_cost":"NO_GOLD","seed_source_timestamp":6369736689700,"circlet_count":0,"master_deck":["Defend_R","Defend_R","Defend_R","Defend_R","Bash+1","Clothesline","Seeing Red","Twin Strike","Disarm","Armaments","Infernal Blade","Rage","Inflame","Brutality","CurseOfTheBell","Combust","Rupture+1","Bite","Bite","Bite","Bite","Bite","Sword Boomerang+1"],"relics":["Burning Blood","Golden Idol","Pantograph","InkBottle","Self Forming Clay","Calling Bell","Thread and Needle","Pear","Tiny Chest"],"potions_floor_usage":[11,12,12,22],"damage_taken":[{"damage":15,"enemies":"2 Louse","floor":1,"turns":3},{"damage":21,"enemies":"Small Slimes","floor":2,"turns":3},{"damage":4,"enemies":"Jaw Worm","floor":4,"turns":3},{"damage":48,"enemies":"Lagavulin","floor":6,"turns":9},{"damage":6,"enemies":"Large Slime","floor":10,"turns":5},{"damage":0,"enemies":"3 Louse","floor":11,"turns":2},{"damage":31,"enemies":"Gremlin Nob","floor":12,"turns":4},{"damage":2,"enemies":"2 Fungi Beasts","floor":14,"turns":4},{"damage":17,"enemies":"The Guardian","floor":16,"turns":9},{"damage":15,"enemies":"2 Thieves","floor":18,"turns":5},{"damage":11,"enemies":"Shell Parasite","floor":19,"turns":5},{"damage":28,"enemies":"Snecko","floor":20,"turns":6},{"damage":24,"enemies":"Cultist and Chosen","floor":22,"turns":7},{"damage":51,"enemies":"Slavers","floor":23,"turns":4}],"seed_played":"8060932957116687077","potions_obtained":[{"floor":2,"key":"Explosive Potion"},{"floor":10,"key":"LiquidBronze"},{"floor":14,"key":"Fire Potion"}],"is_trial":false,"path_per_floor":["M","M","?","M","?","E","$","R","T","M","M","E","R","M","R","B",null,"M","M","M","?","M","E"],"character_chosen":"IRONCLAD","items_purchased":["Energy Potion"],"campfire_rested":2,"item_purchase_floors":[7],"current_hp_per_floor":[71,56,56,58,58,16,16,38,38,38,44,19,41,45,45,59,84,75,70,48,48,44,0],"gold":338,"neow_bonus":"TRANSFORM_TWO_CARDS","is_prod":false,"is_daily":false,"chose_seed":false,"campfire_upgraded":1,"win_rate":0,"timestamp":1619841942,"path_taken":["M","M","?","M","?","E","$","R","T","M","M","E","R","M","R","BOSS","M","M","M","?","M","E"],"build_version":"2020-12-22","purchased_purges":0,"victory":false,"max_hp_per_floor":[80,80,74,74,74,74,74,74,74,74,74,74,74,74,74,74,84,84,84,84,58,58,58],"card_choices":[{"not_picked":["Iron Wave","Perfected Strike"],"picked":"Twin Strike","floor":1},{"not_picked":["Pummel","Carnage"],"picked":"Disarm","floor":2},{"not_picked":["Second Wind","Body Slam","Heavy Blade"],"picked":"SKIP","floor":4},{"not_picked":["True Grit","Anger"],"picked":"Armaments","floor":6},{"not_picked":["Clash","Corruption"],"picked":"Infernal Blade","floor":10},{"not_picked":["Dual Wield","Armaments","Perfected Strike"],"picked":"SKIP","floor":11},{"not_picked":["Twin Strike","Perfected Strike"],"picked":"Rage","floor":12},{"not_picked":["Sword Boomerang","Dark Embrace"],"picked":"Inflame","floor":14},{"not_picked":["Reaper","Demon Form"],"picked":"Brutality","floor":16},{"not_picked":["Heavy Blade","Spot Weakness"],"picked":"Combust","floor":18},{"not_picked":["Body Slam","Sword Boomerang"],"picked":"Rupture+1","floor":19},{"not_picked":["Flex","True Grit","Cleave"],"picked":"SKIP","floor":20},{"not_picked":["Shrug It Off","Corruption"],"picked":"Sword Boomerang+1","floor":22}],"player_experience":334191,"relics_obtained":[{"floor":6,"key":"Pantograph"},{"floor":9,"key":"InkBottle"},{"floor":12,"key":"Self Forming Clay"},{"floor":17,"key":"Thread and Needle"},{"floor":17,"key":"Pear"},{"floor":17,"key":"Tiny Chest"}],"event_choices":[{"damage_healed":0,"gold_gain":0,"player_choice":"Lose Max HP","damage_taken":0,"relics_obtained":["Golden Idol"],"max_hp_gain":0,"max_hp_loss":6,"event_name":"Golden Idol","floor":3,"gold_loss":0},{"damage_healed":0,"gold_gain":0,"player_choice":"Ignored","damage_taken":0,"max_hp_gain":0,"max_hp_loss":0,"event_name":"Liars Game","floor":5,"gold_loss":0},{"damage_healed":0,"gold_gain":0,"player_choice":"Became a vampire","damage_taken":0,"max_hp_gain":0,"max_hp_loss":26,"event_name":"Vampires","floor":21,"gold_loss":0,"cards_obtained":["Bite","Bite","Bite","Bite","Bite"]}],"is_beta":false,"boss_relics":[{"not_picked":["Fusion Hammer","Snecko Eye"],"picked":"Calling Bell"}],"items_purged_floors":[],"is_endless":false,"potions_floor_spawned":[2,10,14],"killed_by":"Slavers","ascension_level":3}