{"gold_per_floor":[109,124,24,24,44,44,79,144,170,190,190,202,234,245,245,350,350,364,364,384,403,420,420,437,449,475,494,225,225,251,251,251,353,353,365,385,345,363,376,376],"floor_reached":40,"playtime":6193,"items_purged":["Strike_R","Strike_R"],"score":516,"play_id":"61b04378-5c32-4b9d-9c27-46b2d68bd154","local_time":"20210523193726","is_ascension_mode":true,"campfire_choices":[{"data":"Searing Blow","floor":6,"key":"SMITH"},{"floor":11,"key":"REST"},{"data":"Searing Blow+1","floor":15,"key":"SMITH"},{"floor":23,"key":"REST"},{"floor":32,"key":"REST"}],"neow_cost":"NONE","seed_source_timestamp":35266889244900,"circlet_count":0,"master_deck":["Strike_R","Strike_R","Defend_R","Defend_R","Defend_R","Defend_R","Bash","Metallicize","Searing Blow+2","Shrug It Off","Inflame","Whirlwind","Warcry","Flex","Ghostly Armor","Limit Break+1","Seeing Red+1","Intimidate","Armaments","Seeing Red","Heavy Blade+1","Heavy Blade","Decay","Flex+1","Demon Form"],"relics":["Burning Blood","Vajra","Question Card","Toy Ornithopter","Letter Opener","Velvet Choker","Red Skull","Anchor","Snecko Eye"],"potions_floor_usage":[14,16,24,25,25,28,30,38,38,40],"damage_taken":[{"damage":6,"enemies":"Cultist","floor":1,"turns":3},{"damage":1,"enemies":"2 Louse","floor":2,"turns":2},{"damage":4,"enemies":"Jaw Worm","floor":5,"turns":4},{"damage":46,"enemies":"Lagavulin","floor":7,"turns":6},{"damage":20,"enemies":"Lots of Slimes","floor":10,"turns":5},{"damage":0,"enemies":"3 Louse","floor":12,"turns":2},{"damage":23,"enemies":"Gremlin Nob","floor":13,"turns":4},{"damage":3,"enemies":"Red Slaver","floor":14,"turns":4},{"damage":46,"enemies":"Slime Boss","floor":16,"turns":15},{"damage":29,"enemies":"2 Thieves","floor":18,"turns":4},{"damage":1,"enemies":"3 Byrds","floor":20,"turns":4},{"damage":32,"enemies":"3 Cultists","floor":21,"turns":4},{"damage":32,"enemies":"Shelled Parasite and Fungi","floor":22,"turns":6},{"damage":41,"enemies":"Cultist and Chosen","floor":24,"turns":6},{"damage":5,"enemies":"Chosen and Byrds","floor":25,"turns":6},{"damage":19,"enemies":"Snake Plant","floor":27,"turns":2},{"damage":21,"enemies":"Slavers","floor":30,"turns":4},{"damage":31,"enemies":"Champ","floor":33,"turns":9},{"damage":16,"enemies":"Orb Walker","floor":35,"turns":3},{"damage":5,"enemies":"3 Darklings","floor":36,"turns":3},{"damage":46,"enemies":"Sphere and 2 Shapes","floor":38,"turns":6},{"damage":14,"enemies":"Maw","floor":39,"turns":6},{"damage":47,"enemies":"Nemesis","floor":40,"turns":4}],"seed_played":"-2758320063421533","potions_obtained":[{"floor":7,"key":"Ancient Potion"},{"floor":13,"key":"Block Potion"},{"floor":14,"key":"Swift Potion"},{"floor":16,"key":"SpeedPotion"},{"floor":22,"key":"DistilledChaos"},{"floor":24,"key":"AttackPotion"},{"floor":27,"key":"SkillPotion"},{"floor":30,"key":"SpeedPotion"},{"floor":35,"key":"Energy Potion"}],"is_trial":false,"path_per_floor":["M","M","$","?","M","R","E","?","T","M","R","M","E","M","R","B",null,"M","?","M","M","M","R","M","M","T","M","$","?","E","?","R","B",null,"M","M","?","M","M","E"],"character_chosen":"IRONCLAD","items_purchased":["Shrug It Off","BloodPotion","LiquidBronze","Heavy Blade"],"campfire_rested":3,"item_purchase_floors":[3,28,28,28],"current_hp_per_floor":[88,88,88,76,78,78,38,38,38,24,50,56,39,47,47,12,88,65,65,70,44,18,44,14,25,25,12,34,34,24,24,50,25,88,78,79,79,49,41,0],"gold":376,"neow_bonus":"TEN_PERCENT_HP_BONUS","is_prod":false,"is_daily":false,"chose_seed":false,"campfire_upgraded":2,"win_rate":0,"timestamp":1621816646,"path_taken":["M","M","?","?","M","R","E","?","T","M","R","M","E","M","R","BOSS","M","?","?","M","M","R","M","M","T","M","$","?","E","?","R","BOSS","M","M","?","M","M","E"],"build_version":"2020-12-22","purchased_purges":2,"victory":false,"max_hp_per_floor":[88,88,88,88,88,88,88,88,88,88,88,88,88,88,88,88,88,88,88,88,88,88,88,88,88,88,88,88,88,88,88,88,88,88,88,88,88,88,88,88],"card_choices":[{"not_picked":["Anger","Blood for Blood"],"picked":"Metallicize","floor":1},{"not_picked":["Battle Trance","Sever Soul"],"picked":"Searing Blow","floor":2},{"not_picked":["Twin Strike","Thunderclap"],"picked":"Inflame","floor":5},{"not_picked":["Evolve","True Grit","Combust"],"picked":"SKIP","floor":7},{"not_picked":["Iron Wave","Sword Boomerang","Twin Strike"],"picked":"Whirlwind","floor":10},{"not_picked":["Whirlwind","Clothesline","Juggernaut"],"picked":"Warcry","floor":12},{"not_picked":["Headbutt","Body Slam","Rampage"],"picked":"Flex","floor":13},{"not_picked":["Headbutt","Thunderclap","Battle Trance"],"picked":"Ghostly Armor","floor":14},{"not_picked":["Juggernaut","Fiend Fire","Offering"],"picked":"Limit Break","floor":16},{"not_picked":["Blood for Blood","Body Slam","Dropkick+1","Hemokinesis"],"picked":"SKIP","floor":18},{"not_picked":["Clothesline","Warcry+1","Heavy Blade"],"picked":"Seeing Red+1","floor":20},{"not_picked":["Warcry","Searing Blow","Blood for Blood"],"picked":"Intimidate","floor":21},{"not_picked":["Carnage","Flex","Warcry"],"picked":"Armaments","floor":22},{"not_picked":["True Grit","Warcry","Clash"],"picked":"Seeing Red","floor":24},{"not_picked":["Dropkick","Blood for Blood","Berserk"],"picked":"Heavy Blade+1","floor":25},{"not_picked":["Battle Trance","Anger","Dark Embrace","Searing Blow"],"picked":"SKIP","floor":27},{"not_picked":["Warcry","Thunderclap+1","Bloodletting+1"],"picked":"Flex+1","floor":30},{"not_picked":["Impervious","Juggernaut","Limit Break"],"picked":"Demon Form","floor":33},{"not_picked":["Anger+1","Pommel Strike","Sever Soul","Power Through"],"picked":"SKIP","floor":35},{"not_picked":["Sever Soul","Anger","Shockwave+1","Flex+1"],"picked":"SKIP","floor":36},{"not_picked":["Anger+1","Evolve","Hemokinesis+1","Power Through"],"picked":"SKIP","floor":38},{"not_picked":["Clash","Anger+1","Hemokinesis+1","Dual Wield"],"picked":"SKIP","floor":39}],"player_experience":337357,"relics_obtained":[{"floor":7,"key":"Question Card"},{"floor":9,"key":"Toy Ornithopter"},{"floor":13,"key":"Letter Opener"},{"floor":26,"key":"Red Skull"},{"floor":30,"key":"Anchor"}],"event_choices":[{"damage_healed":0,"gold_gain":0,"player_choice":"Success","damage_taken":12,"relics_obtained":["Vajra"],"max_hp_gain":0,"max_hp_loss":0,"event_name":"Scrap Ooze","floor":4,"gold_loss":0},{"damage_healed":0,"gold_gain":65,"player_choice":"Gained Gold","damage_taken":0,"max_hp_gain":0,"max_hp_loss":0,"event_name":"Golden Wing","floor":8,"gold_loss":0},{"cards_removed":["Strike_R"],"damage_healed":0,"gold_gain":0,"player_choice":"Offered Basic","damage_taken":0,"max_hp_gain":0,"max_hp_loss":0,"event_name":"Bonfire Elementals","floor":19,"gold_loss":0},{"damage_healed":0,"gold_gain":0,"player_choice":"Smashed Altar","damage_taken":0,"max_hp_gain":0,"max_hp_loss":0,"event_name":"Forgotten Altar","floor":29,"gold_loss":0,"cards_obtained":["Decay"]},{"damage_healed":0,"gold_gain":0,"player_choice":"Ignored","damage_taken":0,"max_hp_gain":0,"max_hp_loss":0,"event_name":"The Mausoleum","floor":31,"gold_loss":0},{"damage_healed":0,"gold_gain":0,"player_choice":"Upgrade","damage_taken":0,"max_hp_gain":0,"max_hp_loss":0,"event_name":"Designer","floor":37,"gold_loss":40,"cards_upgraded":["Limit Break"]}],"is_beta":false,"boss_relics":[{"not_picked":["Fusion Hammer","Runic Pyramid"],"picked":"Velvet Choker"},{"not_picked":["Black Star","Runic Dome"],"picked":"Snecko Eye"}],"items_purged_floors":[3,28],"is_endless":false,"potions_floor_spawned":[7,13,14,16,22,24,27,30,35,36],"killed_by":"Nemesis","ascension_level":3}