{"gold_per_floor":[115,134,149,164,178,178,212,230,230,263,277,277,8,8,8,109,109,122,140,159,159,175,209,219,67,67,79,79,111,123,140,140,238,238,248,258,258,258,269,300,43,72,72,72,92,92,120,21,21,21,21,21,21,51,51],"floor_reached":55,"playtime":5445,"items_purged":["Writhe","Defend_R","Normality"],"score":927,"play_id":"ca476318-5b68-4811-83d3-0b34bb086539","local_time":"20210924221500","is_ascension_mode":true,"campfire_choices":[{"data":"Feed","floor":6.0,"key":"SMITH"},{"floor":12.0,"key":"REST"},{"data":"Limit Break","floor":15.0,"key":"SMITH"},{"floor":28.0,"key":"REST"},{"floor":32.0,"key":"REST"},{"floor":44.0,"key":"REST"},{"data":"Limit Break","floor":46.0,"key":"SMITH"},{"floor":49.0,"key":"RECALL"},{"data":"Heavy Blade","floor":52.0,"key":"SMITH"}],"neow_cost":"CURSE","seed_source_timestamp":337718695700,"circlet_count":0,"master_deck":["Strike_R","Strike_R","Strike_R","Strike_R","Strike_R","Defend_R","Defend_R","Defend_R+1","Bash","Feed+1","Perfected Strike","Inflame","Wild Strike","Flex+1","Sword Boomerang","True Grit","Limit Break+1","Limit Break+1","Perfected Strike+1","Heavy Blade","Combust+1","Power Through+1","True Grit","Iron Wave+1","Cleave","Heavy Blade+1","Seeing Red","Reaper","Barricade","Madness","Madness","Parasite","Parasite","Rage+1"],"special_seed":0,"relics":["Burning Blood","Vajra","Eternal Feather","War Paint","Cursed Key","Oddly Smooth Stone","Mango","Pocketwatch","Busted Crown","Matryoshka","Lizard Tail","Shuriken","Mercury Hourglass","Juzu Bracelet","Smiling Mask","Bronze Scales"],"potions_floor_usage":[],"damage_taken":[{"damage":17.0,"enemies":"Cultist","floor":1.0,"turns":6.0},{"damage":8.0,"enemies":"2 Louse","floor":2.0,"turns":2.0},{"damage":16.0,"enemies":"Jaw Worm","floor":3.0,"turns":4.0},{"damage":29.0,"enemies":"Exordium Thugs","floor":4.0,"turns":4.0},{"damage":11.0,"enemies":"Looter","floor":5.0,"turns":2.0},{"damage":15.0,"enemies":"Lagavulin","floor":7.0,"turns":5.0},{"damage":0.0,"enemies":"Exordium Wildlife","floor":8.0,"turns":3.0},{"damage":35.0,"enemies":"3 Sentries","floor":10.0,"turns":7.0},{"damage":11.0,"enemies":"Exordium Thugs","floor":11.0,"turns":2.0},{"damage":66.0,"enemies":"Hexaghost","floor":16.0,"turns":13.0},{"damage":8.0,"enemies":"3 Byrds","floor":18.0,"turns":6.0},{"damage":74.0,"enemies":"Spheric Guardian","floor":19.0,"turns":8.0},{"damage":8.0,"enemies":"Snake Plant","floor":20.0,"turns":2.0},{"damage":9.0,"enemies":"Cultist and Chosen","floor":22.0,"turns":3.0},{"damage":89.0,"enemies":"Gremlin Leader","floor":23.0,"turns":8.0},{"damage":24.0,"enemies":"Chosen and Byrds","floor":24.0,"turns":5.0},{"damage":17.0,"enemies":"Centurion and Healer","floor":27.0,"turns":6.0},{"damage":52.0,"enemies":"Slavers","floor":29.0,"turns":4.0},{"damage":18.0,"enemies":"Sentry and Sphere","floor":30.0,"turns":4.0},{"damage":3.0,"enemies":"Snake Plant","floor":31.0,"turns":3.0},{"damage":74.0,"enemies":"Collector","floor":33.0,"turns":7.0},{"damage":21.0,"enemies":"3 Darklings","floor":35.0,"turns":4.0},{"damage":5.0,"enemies":"3 Shapes","floor":36.0,"turns":4.0},{"damage":18.0,"enemies":"Maw","floor":39.0,"turns":6.0},{"damage":54.0,"enemies":"Reptomancer","floor":40.0,"turns":5.0},{"damage":83.0,"enemies":"Nemesis","floor":42.0,"turns":7.0},{"damage":12.0,"enemies":"Transient","floor":45.0,"turns":5.0},{"damage":96.0,"enemies":"Reptomancer","floor":47.0,"turns":6.0},{"damage":97.0,"enemies":"Donu and Deca","floor":50.0,"turns":7.0},{"damage":197.0,"enemies":"Shield and Spear","floor":54.0,"turns":9.0},{"damage":161,"enemies":"The Heart","floor":55,"turns":6}],"seed_played":"-5241847762156637881","potions_obtained":[{"floor":3.0,"key":"Strength Potion"},{"floor":5.0,"key":"Explosive Potion"},{"floor":7.0,"key":"DuplicationPotion"},{"floor":10.0,"key":"EssenceOfSteel"},{"floor":11.0,"key":"HeartOfIron"},{"floor":16.0,"key":"Block Potion"},{"floor":19.0,"key":"GamblersBrew"},{"floor":22.0,"key":"SkillPotion"},{"floor":23.0,"key":"FairyPotion"},{"floor":29.0,"key":"Block Potion"},{"floor":33.0,"key":"FairyPotion"},{"floor":35.0,"key":"SteroidPotion"},{"floor":42.0,"key":"ElixirPotion"}],"is_trial":false,"path_per_floor":["M","M","M","M","M","R","E","M","T","E","M","R","$","?","R","B",null,"M","M","M","?","M","E","M","$","T","M","R","E","M","M","R","B",null,"M","M","?","T","M","E","$","E","T","R","M","R","E","$","R","B",null,"R","$","E","B"],"character_chosen":"IRONCLAD","items_purchased":["Limit Break","SteroidPotion","Block Potion","Shuriken","Strength Potion"],"campfire_rested":4,"item_purchase_floors":[13,13,25,41,48],"current_hp_per_floor":[72,73,66,46,44,44,39,49,49,24,19,60,60,60,69,13,111,113,49,47,119,116,33,15,15,29,22,78,36,24,31,89,25,149,141,151,132,132,124,76,76,29,29,94,102,120,40,40,58,35,157,157,157,51,0],"gold":51,"neow_bonus":"THREE_RARE_CARDS","is_prod":false,"is_daily":false,"chose_seed":false,"campfire_upgraded":4,"win_rate":0,"timestamp":1632539700,"path_taken":["M","M","M","M","M","R","E","?","T","E","M","R","$","?","R","BOSS","M","M","M","?","M","E","M","?","T","M","R","E","?","M","R","BOSS","M","M","?","?","?","E","?","E","T","R","M","R","E","$","R","BOSS","R","$","E","BOSS"],"build_version":"2020-12-22","purchased_purges":3,"victory":false,"max_hp_per_floor":[83,86,89,92,95,95,99,103,103,107,107,107,107,107,107,111,111,115,119,119,119,119,119,119,119,133,137,137,141,141,145,145,149,149,149,153,153,153,157,157,157,157,157,157,157,157,157,157,157,157,157,157,157,157,157],"card_choices":[{"not_picked":["Berserk","Impervious"],"picked":"Feed","floor":0.0},{"not_picked":["Burning Pact","Dual Wield"],"picked":"Perfected Strike","floor":1.0},{"not_picked":["Clash","Warcry"],"picked":"Inflame","floor":2.0},{"not_picked":["Burning Pact","Havoc"],"picked":"Shockwave","floor":4.0},{"not_picked":["Immolate","Whirlwind"],"picked":"Wild Strike","floor":5.0},{"not_picked":["Havoc","Feel No Pain"],"picked":"Flex","floor":7.0},{"not_picked":["Warcry","Cleave"],"picked":"Sword Boomerang","floor":8.0},{"not_picked":["Thunderclap","Hemokinesis","Anger"],"picked":"SKIP","floor":10.0},{"not_picked":["Sentinel","Havoc"],"picked":"True Grit","floor":11.0},{"not_picked":["Impervious","Exhume"],"picked":"Limit Break","floor":16.0},{"not_picked":["Seeing Red+1","Warcry"],"picked":"Perfected Strike+1","floor":18.0},{"not_picked":["Body Slam","Havoc"],"picked":"Heavy Blade","floor":19.0},{"not_picked":["Anger+1","Searing Blow+1"],"picked":"Combust+1","floor":20.0},{"not_picked":["Anger","Bloodletting"],"picked":"Power Through+1","floor":22.0},{"not_picked":["Shockwave+1","Juggernaut"],"picked":"True Grit","floor":23.0},{"not_picked":["Warcry","Clash+1"],"picked":"Iron Wave+1","floor":24.0},{"not_picked":["Carnage","Headbutt"],"picked":"Cleave","floor":27.0},{"not_picked":["Pommel Strike","Hemokinesis"],"picked":"Heavy Blade","floor":29.0},{"not_picked":["Twin Strike","Clothesline"],"picked":"Seeing Red","floor":30.0},{"not_picked":["Havoc","Rage+1"],"picked":"Reaper","floor":31.0},{"not_picked":["Feed","Bludgeon"],"picked":"Barricade","floor":33.0},{"not_picked":["Clothesline"],"picked":"SKIP","floor":35.0},{"not_picked":["Warcry+1"],"picked":"SKIP","floor":36.0},{"not_picked":["Cleave"],"picked":"SKIP","floor":39.0},{"not_picked":["Dropkick"],"picked":"SKIP","floor":40.0},{"not_picked":["Heavy Blade"],"picked":"SKIP","floor":42.0},{"not_picked":["Headbutt"],"picked":"SKIP","floor":45.0},{"not_picked":[],"picked":"Rage+1","floor":47.0},{"not_picked":["Burning Pact"],"picked":"SKIP","floor":54.0}],"player_experience":343550,"relics_obtained":[{"floor":7.0,"key":"Vajra"},{"floor":9.0,"key":"Eternal Feather"},{"floor":10.0,"key":"War Paint"},{"floor":23.0,"key":"Oddly Smooth Stone"},{"floor":26.0,"key":"Mango"},{"floor":29.0,"key":"Pocketwatch"},{"floor":38.0,"key":"Matryoshka"},{"floor":40.0,"key":"Lizard Tail"},{"floor":42.0,"key":"Mercury Hourglass"},{"floor":43.0,"key":"Juzu Bracelet"},{"floor":47.0,"key":"Smiling Mask"},{"floor":54.0,"key":"Bronze Scales"}],"event_choices":[{"damage_healed":0.0,"max_hp_gain":0.0,"max_hp_loss":0.0,"gold_gain":0.0,"event_name":"Golden Idol","player_choice":"Ignored","floor":14.0,"gold_loss":0.0,"damage_taken":0.0},{"cards_removed":["Shockwave"],"damage_healed":72.0,"max_hp_gain":0.0,"max_hp_loss":0.0,"gold_gain":0.0,"event_name":"Bonfire Elementals","player_choice":"Offered Uncommon","floor":21.0,"gold_loss":0.0,"damage_taken":0.0},{"damage_healed":0.0,"max_hp_gain":0.0,"max_hp_loss":0.0,"gold_gain":0.0,"event_name":"Winding Halls","player_choice":"Embrace Madness","floor":37.0,"gold_loss":0.0,"damage_taken":19.0,"cards_obtained":["Madness","Madness"]}],"is_beta":false,"boss_relics":[{"not_picked":["Sozu","Empty Cage"],"picked":"Cursed Key"},{"not_picked":["SacredBark","Calling Bell"],"picked":"Busted Crown"}],"items_purged_floors":[13,25,48],"is_endless":false,"potions_floor_spawned":[3,5,7,10,11,16,19,22,23,29,33,35,42,47],"killed_by":"The Heart","ascension_level":3}