{"gold_per_floor":[113,126,136,136,146,181,191,191,191,204,233,251,251,267,267,363,363,378,6,6,25,40,40,67,82,82,82,100,126,138,150,150,253,253,271,290,304,315,331,366,366,383,406,418,437,466,466,497,497,497,497,497,66,97,97],"floor_reached":56,"playtime":6710,"items_purged":["Strike_R","Wild Strike"],"score":1501,"play_id":"f5a7614c-c1a8-4664-9279-53e878276c99","local_time":"20210926175026","is_ascension_mode":true,"campfire_choices":[{"data":"Rage","floor":8.0,"key":"SMITH"},{"data":"True Grit","floor":13.0,"key":"SMITH"},{"data":"Demon Form","floor":15.0,"key":"SMITH"},{"data":"Corruption","floor":23.0,"key":"SMITH"},{"data":"Iron Wave","floor":27.0,"key":"SMITH"},{"data":"Barricade","floor":32.0,"key":"SMITH"},{"floor":41.0,"key":"RECALL"},{"floor":47.0,"key":"REST"},{"floor":49.0,"key":"REST"},{"floor":52,"key":"REST"}],"neow_cost":"NONE","seed_source_timestamp":514234948800,"circlet_count":0,"master_deck":["Defend_R","Defend_R","Defend_R","Defend_R","Bash","Clash","Battle Trance","Cleave","Iron Wave+1","Inflame","Evolve","Rage+1","Shrug It Off","True Grit+1","Headbutt","Demon Form+1","Corruption+1","Feel No Pain+1","Dark Embrace","Bite","Bite","Bite","Bite","Bite","Ghostly Armor","Clothesline+1","Infernal Blade+1","Fire Breathing+1","Infernal Blade","Disarm","Barricade+1","Offering","Sentinel+1","Ghostly Armor","Feel No Pain+1","Dark Embrace+1","Body Slam","Enlightenment"],"special_seed":0,"relics":["Burning Blood","Magic Flower","Juzu Bracelet","Anchor","Matryoshka","SlaversCollar","TheAbacus","Happy Flower","Bag of Marbles","Ornamental Fan","Red Skull","Fusion Hammer","Lantern","Vajra","Letter Opener","Meat on the Bone","Membership Card","CaptainsWheel","Eternal Feather"],"potions_floor_usage":[50,55,55,55],"damage_taken":[{"damage":6.0,"enemies":"Cultist","floor":1.0,"turns":3.0},{"damage":6.0,"enemies":"2 Louse","floor":2.0,"turns":2.0},{"damage":7.0,"enemies":"Jaw Worm","floor":3.0,"turns":3.0},{"damage":13.0,"enemies":"Large Slime","floor":5.0,"turns":5.0},{"damage":35.0,"enemies":"3 Sentries","floor":6.0,"turns":7.0},{"damage":0.0,"enemies":"2 Fungi Beasts","floor":7.0,"turns":2.0},{"damage":0.0,"enemies":"Gremlin Gang","floor":10.0,"turns":3.0},{"damage":20.0,"enemies":"Lagavulin","floor":11.0,"turns":7.0},{"damage":3.0,"enemies":"Lots of Slimes","floor":12.0,"turns":4.0},{"damage":0.0,"enemies":"Exordium Wildlife","floor":14.0,"turns":3.0},{"damage":43.0,"enemies":"Hexaghost","floor":16.0,"turns":7.0},{"damage":12.0,"enemies":"Spheric Guardian","floor":18.0,"turns":5.0},{"damage":17.0,"enemies":"2 Thieves","floor":21.0,"turns":5.0},{"damage":19.0,"enemies":"Snecko","floor":22.0,"turns":6.0},{"damage":29.0,"enemies":"Gremlin Leader","floor":24.0,"turns":6.0},{"damage":23.0,"enemies":"Centurion and Healer","floor":25.0,"turns":7.0},{"damage":14.0,"enemies":"Snake Plant","floor":28.0,"turns":2.0},{"damage":38.0,"enemies":"Book of Stabbing","floor":29.0,"turns":7.0},{"damage":32.0,"enemies":"Shelled Parasite and Fungi","floor":30.0,"turns":5.0},{"damage":14.0,"enemies":"Centurion and Healer","floor":31.0,"turns":8.0},{"damage":10.0,"enemies":"Champ","floor":33.0,"turns":8.0},{"damage":10.0,"enemies":"Orb Walker","floor":35.0,"turns":3.0},{"damage":22.0,"enemies":"3 Darklings","floor":36.0,"turns":8.0},{"damage":11.0,"enemies":"Spire Growth","floor":37.0,"turns":6.0},{"damage":35.0,"enemies":"Transient","floor":38.0,"turns":5.0},{"damage":33.0,"enemies":"3 Darklings","floor":39.0,"turns":12.0},{"damage":49.0,"enemies":"Reptomancer","floor":40.0,"turns":10.0},{"damage":29.0,"enemies":"Jaw Worm Horde","floor":42.0,"turns":7.0},{"damage":16.0,"enemies":"4 Shapes","floor":44.0,"turns":7.0},{"damage":38.0,"enemies":"Spire Growth","floor":45.0,"turns":6.0},{"damage":6.0,"enemies":"Nemesis","floor":46.0,"turns":9.0},{"damage":2.0,"enemies":"Reptomancer","floor":48.0,"turns":3.0},{"damage":50,"enemies":"Time Eater","floor":50,"turns":10},{"damage":45,"enemies":"Shield and Spear","floor":54,"turns":9},{"damage":52,"enemies":"The Heart","floor":55,"turns":8}],"seed_played":"-6109309901996873738","potions_obtained":[{"floor":3.0,"key":"Weak Potion"},{"floor":6.0,"key":"PowerPotion"},{"floor":7.0,"key":"SpeedPotion"},{"floor":10.0,"key":"Regen Potion"},{"floor":21.0,"key":"SpeedPotion"},{"floor":25.0,"key":"Regen Potion"},{"floor":28.0,"key":"BlessingOfTheForge"},{"floor":30.0,"key":"SkillPotion"},{"floor":33.0,"key":"LiquidMemories"},{"floor":39.0,"key":"DistilledChaos"},{"floor":40.0,"key":"DuplicationPotion"},{"floor":44.0,"key":"Ancient Potion"}],"is_trial":false,"path_per_floor":["M","M","M","?","M","E","M","R","T","M","E","M","R","M","R","B",null,"M","$","?","M","M","R","E","M","T","R","M","E","M","M","R","B",null,"M","M","M","M","M","E","R","M","T","M","M","E","R","E","R","B",null,"R","$","E","B",null],"character_chosen":"IRONCLAD","items_purchased":["Dark Embrace","TheAbacus","LiquidBronze","Membership Card","CaptainsWheel","Dexterity Potion","Enlightenment"],"campfire_rested":3,"item_purchase_floors":[19,19,19,53,53,53,53],"current_hp_per_floor":[80,80,79,76,72,46,55,55,55,64,53,59,59,68,68,58,80,77,77,56,56,55,55,51,55,55,55,56,49,35,56,56,56,56,55,56,56,36,56,52,52,56,56,56,48,56,56,56,56,48,56,56,56,56,49],"gold":97,"neow_bonus":"TRANSFORM_CARD","is_prod":false,"is_daily":false,"chose_seed":false,"campfire_upgraded":6,"win_rate":0,"timestamp":1632696626,"path_taken":["M","M","?","?","M","E","M","R","T","M","E","M","R","M","R","BOSS","M","$","?","M","M","R","E","M","T","R","M","E","M","M","R","BOSS","M","M","M","M","M","E","R","M","T","M","M","E","R","E","R","BOSS","R","$","E","BOSS"],"build_version":"2020-12-22","purchased_purges":2,"victory":true,"max_hp_per_floor":[80,80,80,80,80,80,80,80,80,80,80,80,80,80,80,80,80,80,80,56,56,56,56,56,56,56,56,56,56,56,56,56,56,56,56,56,56,56,56,56,56,56,56,56,56,56,56,56,56,56,56,56,56,56,56],"card_choices":[{"not_picked":["Flex","Blood for Blood"],"picked":"Battle Trance","floor":1.0},{"not_picked":["Shockwave","Pommel Strike"],"picked":"Cleave","floor":2.0},{"not_picked":["Havoc","Wild Strike"],"picked":"Iron Wave","floor":3.0},{"not_picked":["Sentinel","Infernal Blade"],"picked":"Inflame","floor":5.0},{"not_picked":["Twin Strike","Searing Blow"],"picked":"Evolve","floor":6.0},{"not_picked":["Anger","Body Slam"],"picked":"Rage","floor":7.0},{"not_picked":["Anger","Burning Pact"],"picked":"Shrug It Off","floor":10.0},{"not_picked":["Clothesline","Clash"],"picked":"True Grit","floor":11.0},{"not_picked":["True Grit","Thunderclap"],"picked":"Headbutt","floor":12.0},{"not_picked":["Clash","True Grit"],"picked":"Demon Form","floor":14.0},{"not_picked":["Offering","Immolate"],"picked":"Corruption","floor":16.0},{"not_picked":["Thunderclap+1","Warcry"],"picked":"Feel No Pain+1","floor":18.0},{"not_picked":["Dark Embrace","Perfected Strike"],"picked":"Wild Strike","floor":21.0},{"not_picked":["Entrench","Inflame"],"picked":"Ghostly Armor","floor":22.0},{"not_picked":["Uppercut","Hemokinesis"],"picked":"Clothesline+1","floor":24.0},{"not_picked":["Thunderclap","Rupture+1"],"picked":"Infernal Blade+1","floor":25.0},{"not_picked":["Clothesline+1","Infernal Blade"],"picked":"Fire Breathing+1","floor":28.0},{"not_picked":["True Grit","Headbutt"],"picked":"Infernal Blade","floor":29.0},{"not_picked":["Clash","Flex"],"picked":"Disarm","floor":30.0},{"not_picked":["Perfected Strike+1","Seeing Red+1"],"picked":"Barricade","floor":31.0},{"not_picked":["Demon Form","Immolate"],"picked":"Offering","floor":33.0},{"not_picked":["Flex+1","Anger","Armaments"],"picked":"SKIP","floor":35.0},{"not_picked":["Dropkick+1","Anger+1"],"picked":"Sentinel+1","floor":36.0},{"not_picked":["Warcry+1","Iron Wave+1"],"picked":"Ghostly Armor","floor":37.0},{"not_picked":["Havoc","Shrug It Off+1","Flex+1"],"picked":"SKIP","floor":38.0},{"not_picked":["Evolve","Iron Wave"],"picked":"Feel No Pain+1","floor":39.0},{"not_picked":["Pommel Strike+1","Perfected Strike+1","Wild Strike"],"picked":"SKIP","floor":40.0},{"not_picked":["Fire Breathing+1","Hemokinesis+1"],"picked":"Dark Embrace+1","floor":42.0},{"not_picked":["Shrug It Off","Reaper","Wild Strike+1"],"picked":"SKIP","floor":44.0},{"not_picked":["Shrug It Off","Dual Wield+1"],"picked":"Body Slam","floor":45.0},{"not_picked":["Pommel Strike","Spot Weakness","Wild Strike+1"],"picked":"SKIP","floor":46.0},{"not_picked":["Rupture+1","True Grit","Pommel Strike+1"],"picked":"SKIP","floor":48.0},{"not_picked":["Twin Strike+1","Dark Embrace+1","Carnage+1"],"picked":"SKIP","floor":54}],"player_experience":348995,"relics_obtained":[{"floor":6.0,"key":"Juzu Bracelet"},{"floor":9.0,"key":"Anchor"},{"floor":11.0,"key":"Matryoshka"},{"floor":24.0,"key":"Happy Flower"},{"floor":26.0,"key":"Bag of Marbles"},{"floor":26.0,"key":"Ornamental Fan"},{"floor":29.0,"key":"Red Skull"},{"floor":40.0,"key":"Lantern"},{"floor":43.0,"key":"Vajra"},{"floor":46.0,"key":"Letter Opener"},{"floor":48.0,"key":"Meat on the Bone"},{"floor":54,"key":"Eternal Feather"}],"event_choices":[{"damage_healed":0.0,"max_hp_gain":0.0,"max_hp_loss":0.0,"gold_gain":0.0,"event_name":"Scrap Ooze","player_choice":"Success","floor":4.0,"gold_loss":0.0,"damage_taken":3.0,"relics_obtained":["Magic Flower"]},{"damage_healed":0.0,"max_hp_gain":0.0,"max_hp_loss":24.0,"gold_gain":0.0,"event_name":"Vampires","player_choice":"Became a vampire","floor":20.0,"gold_loss":0.0,"damage_taken":0.0,"cards_obtained":["Bite","Bite","Bite","Bite","Bite"]}],"is_beta":false,"boss_relics":[{"not_picked":["Empty Cage","Calling Bell"],"picked":"SlaversCollar"},{"not_picked":["Tiny House","Sozu"],"picked":"Fusion Hammer"}],"items_purged_floors":[19,53],"is_endless":false,"potions_floor_spawned":[3,6,7,10,21,25,28,30,31,33,39,40,44,46,48],"ascension_level":4}