{"gold_per_floor":[214,228,240,254,254,280,280,312,312,328,30,49,49,83,83,178,178,191,191,191,201,116,143,143,176,200,200,235,249,267,278,278,377,377,391,403,418,133,145,171,184,211,211,239,254,274,293,308,308,308,308,308,60,94,94],"floor_reached":56,"playtime":5811,"items_purged":["Strike_R","Warcry"],"score":1613,"play_id":"3490590f-7b23-4b9d-a24e-0b2ab83d4eec","local_time":"20211002021326","is_ascension_mode":true,"campfire_choices":[{"data":"Berserk","floor":7,"key":"SMITH"},{"data":"Feed","floor":13,"key":"SMITH"},{"floor":15,"key":"REST"},{"data":"Limit Break","floor":24,"key":"SMITH"},{"floor":27,"key":"REST"},{"data":"Corruption","floor":32,"key":"SMITH"},{"floor":49,"key":"RECALL"},{"data":"1","floor":52,"key":"LIFT"}],"neow_cost":"NONE","seed_source_timestamp":27593751317000,"circlet_count":0,"master_deck":["Strike_R+1","Strike_R+1","Strike_R+1","Strike_R+1","Defend_R+1","Defend_R+1","Defend_R+1","Defend_R+1","Bash","Pommel Strike","Iron Wave","Corruption+1","Berserk+1","Double Tap+1","Flame Barrier","Feed+1","Limit Break+1","Heavy Blade","Intimidate+1","Flame Barrier","Dark Embrace","Metallicize","Reaper","Impervious","Metallicize","Shockwave+1","Shrug It Off+1","Shrug It Off","Pommel Strike+1"],"relics":["Burning Blood","Orichalcum","Girya","WingedGreaves","Brimstone","Torii","SlaversCollar","Magic Flower","Red Skull","Pen Nib","War Paint","Bottled Tornado","Sozu","Centennial Puzzle","Mercury Hourglass","Strawberry","Ornamental Fan","Nunchaku"],"potions_floor_usage":[6,10,14,18,55,55,55],"damage_taken":[{"damage":4,"enemies":"2 Louse","floor":1,"turns":4},{"damage":1,"enemies":"Small Slimes","floor":2,"turns":3},{"damage":6,"enemies":"Jaw Worm","floor":3,"turns":4},{"damage":7,"enemies":"Looter","floor":4,"turns":4},{"damage":33,"enemies":"Gremlin Nob","floor":6,"turns":5},{"damage":15,"enemies":"Lagavulin","floor":8,"turns":5},{"damage":23,"enemies":"Exordium Thugs","floor":10,"turns":5},{"damage":0,"enemies":"Large Slime","floor":12,"turns":4},{"damage":12,"enemies":"Gremlin Nob","floor":14,"turns":3},{"damage":39,"enemies":"The Guardian","floor":16,"turns":8},{"damage":8,"enemies":"Spheric Guardian","floor":18,"turns":3},{"damage":0,"enemies":"Chosen","floor":21,"turns":4},{"damage":50,"enemies":"Book of Stabbing","floor":23,"turns":5},{"damage":27,"enemies":"Slavers","floor":25,"turns":4},{"damage":3,"enemies":"Gremlin Leader","floor":28,"turns":4},{"damage":15,"enemies":"Shelled Parasite and Fungi","floor":29,"turns":3},{"damage":21,"enemies":"Snake Plant","floor":30,"turns":3},{"damage":8,"enemies":"Chosen and Byrds","floor":31,"turns":5},{"damage":10,"enemies":"Champ","floor":33,"turns":4},{"damage":13,"enemies":"3 Darklings","floor":35,"turns":4},{"damage":15,"enemies":"3 Shapes","floor":36,"turns":4},{"damage":14,"enemies":"Writhing Mass","floor":37,"turns":5},{"damage":9,"enemies":"Jaw Worm Horde","floor":39,"turns":4},{"damage":0,"enemies":"Nemesis","floor":40,"turns":3},{"damage":1,"enemies":"Maw","floor":41,"turns":5},{"damage":2,"enemies":"Giant Head","floor":42,"turns":7},{"damage":16,"enemies":"Nemesis","floor":44,"turns":5},{"damage":1,"enemies":"Writhing Mass","floor":45,"turns":4},{"damage":0,"enemies":"Sphere and 2 Shapes","floor":46,"turns":4},{"damage":2,"enemies":"4 Shapes","floor":47,"turns":5},{"damage":1,"enemies":"Jaw Worm Horde","floor":48,"turns":3},{"damage":28,"enemies":"Time Eater","floor":50,"turns":6},{"damage":47,"enemies":"Shield and Spear","floor":54,"turns":6},{"damage":71,"enemies":"The Heart","floor":55,"turns":6}],"seed_played":"-6217084392273959597","potions_obtained":[{"floor":1,"key":"Dexterity Potion"},{"floor":3,"key":"Ancient Potion"},{"floor":8,"key":"Regen Potion"},{"floor":10,"key":"AttackPotion"},{"floor":12,"key":"LiquidBronze"},{"floor":16,"key":"Swift Potion"},{"floor":28,"key":"CultistPotion"}],"is_trial":false,"path_per_floor":["M","M","M","M","?","E","R","E","T","M","$","M","R","E","R","B",null,"M","?","?","M","?","E","R","E","T","R","E","M","M","M","R","B",null,"M","M","M","$","M","E","M","E","T","E","M","M","M","M","R","B",null,"R","$","E","B",null],"character_chosen":"IRONCLAD","items_purchased":["Feed","Brimstone","Impervious","Metallicize","Ornamental Fan"],"campfire_rested":2,"item_purchase_floors":[11,11,38,38,53],"current_hp_per_floor":[80,80,80,79,63,36,36,27,27,24,24,33,33,27,51,18,67,65,65,65,71,71,30,30,18,18,44,50,44,32,39,39,38,78,91,91,95,95,99,103,107,111,111,117,126,130,134,138,138,142,142,142,142,110,146],"gold":94,"neow_bonus":"HUNDRED_GOLD","is_prod":false,"is_daily":false,"chose_seed":false,"campfire_upgraded":4,"win_rate":0,"timestamp":1633158806,"path_taken":["M","M","M","M","?","E","R","E","T","M","$","M","R","E","R","BOSS","M","?","?","M","?","E","R","E","T","R","E","M","M","M","R","BOSS","M","M","M","$","M","E","M","E","T","E","M","M","M","M","R","BOSS","R","$","E","BOSS"],"build_version":"2020-12-22","purchased_purges":2,"victory":true,"max_hp_per_floor":[80,80,80,80,80,80,80,80,80,80,80,83,83,83,83,83,83,83,83,83,83,83,83,83,87,87,87,87,87,87,91,91,91,91,91,95,95,95,99,103,107,111,111,122,126,130,134,138,138,142,142,142,142,146,146],"card_choices":[{"not_picked":["Inflame","Warcry"],"picked":"Pommel Strike","floor":1},{"not_picked":["Second Wind","Anger"],"picked":"Iron Wave","floor":2},{"not_picked":["Hemokinesis","Evolve"],"picked":"Corruption","floor":3},{"not_picked":["Pummel","Twin Strike"],"picked":"Warcry","floor":4},{"not_picked":["Sever Soul","Sword Boomerang"],"picked":"Berserk","floor":6},{"not_picked":["Sword Boomerang","Pommel Strike"],"picked":"Double Tap","floor":8},{"not_picked":["Hemokinesis","True Grit"],"picked":"Flame Barrier","floor":10},{"not_picked":["Pommel Strike","Dual Wield","Power Through"],"picked":"SKIP","floor":12},{"not_picked":["Second Wind","Clothesline","Armaments"],"picked":"SKIP","floor":14},{"not_picked":["Offering","Bludgeon"],"picked":"Limit Break","floor":16},{"not_picked":["Clash","Cleave","Sentinel"],"picked":"SKIP","floor":18},{"not_picked":["Dropkick","Second Wind+1"],"picked":"Heavy Blade","floor":21},{"not_picked":["Hemokinesis+1","Havoc"],"picked":"Intimidate","floor":23},{"not_picked":["Body Slam+1","Clash","Shrug It Off"],"picked":"SKIP","floor":25},{"not_picked":["Iron Wave","Pommel Strike","Infernal Blade+1"],"picked":"SKIP","floor":28},{"not_picked":["Warcry","Pommel Strike+1"],"picked":"Flame Barrier","floor":29},{"not_picked":["Clash","Inflame"],"picked":"Dark Embrace","floor":30},{"not_picked":["Battle Trance","Entrench"],"picked":"Metallicize","floor":31},{"not_picked":["Impervious","Exhume"],"picked":"Reaper","floor":33},{"not_picked":["Headbutt+1","Perfected Strike","Anger"],"picked":"SKIP","floor":35},{"not_picked":["Perfected Strike+1","Bludgeon","Warcry"],"picked":"SKIP","floor":36},{"not_picked":["Sever Soul","True Grit","Warcry"],"picked":"SKIP","floor":37},{"not_picked":["Intimidate","Perfected Strike","Warcry"],"picked":"SKIP","floor":39},{"not_picked":["Immolate","Feel No Pain"],"picked":"Shockwave+1","floor":40},{"not_picked":["Pommel Strike","Clash","Wild Strike"],"picked":"SKIP","floor":41},{"not_picked":["Thunderclap","Reckless Charge"],"picked":"Shrug It Off+1","floor":42},{"not_picked":["Dual Wield","Headbutt+1","Armaments+1"],"picked":"SKIP","floor":44},{"not_picked":["Sever Soul","Reckless Charge+1","Intimidate"],"picked":"SKIP","floor":45},{"not_picked":["Armaments+1","Rupture+1","Second Wind+1"],"picked":"SKIP","floor":46},{"not_picked":["Armaments+1","Rupture+1","Second Wind+1"],"picked":"SKIP","floor":46},{"not_picked":["Pommel Strike","Warcry+1"],"picked":"Shrug It Off","floor":47},{"not_picked":["Pommel Strike+1","Armaments+1","Havoc+1"],"picked":"SKIP","floor":48},{"not_picked":["Corruption","Anger"],"picked":"Pommel Strike+1","floor":54}],"player_experience":355705,"relics_obtained":[{"floor":6,"key":"Orichalcum"},{"floor":8,"key":"Girya"},{"floor":9,"key":"WingedGreaves"},{"floor":14,"key":"Torii"},{"floor":23,"key":"Red Skull"},{"floor":25,"key":"Pen Nib"},{"floor":26,"key":"War Paint"},{"floor":28,"key":"Bottled Tornado"},{"floor":40,"key":"Centennial Puzzle"},{"floor":42,"key":"Mercury Hourglass"},{"floor":44,"key":"Strawberry"},{"floor":54,"key":"Nunchaku"}],"event_choices":[{"damage_healed":0,"gold_gain":0,"player_choice":"Entered Light","damage_taken":16,"max_hp_gain":0,"max_hp_loss":0,"event_name":"Shining Light","floor":5,"gold_loss":0,"cards_upgraded":["Strike_R","Strike_R"]},{"damage_healed":0,"gold_gain":0,"player_choice":"Ignored","damage_taken":0,"max_hp_gain":0,"max_hp_loss":0,"event_name":"The Mausoleum","floor":19,"gold_loss":0},{"damage_healed":0,"gold_gain":0,"player_choice":"Simplicity","damage_taken":0,"max_hp_gain":0,"max_hp_loss":0,"event_name":"Back to Basics","floor":20,"gold_loss":0,"cards_upgraded":["Strike_R","Strike_R","Defend_R","Defend_R","Defend_R","Defend_R"]},{"damage_healed":0,"gold_gain":0,"player_choice":"Obtained Relic","damage_taken":0,"relics_obtained":["Magic Flower"],"max_hp_gain":0,"max_hp_loss":0,"event_name":"Addict","floor":22,"gold_loss":85}],"is_beta":false,"boss_relics":[{"not_picked":["Black Blood","Mark of Pain"],"picked":"SlaversCollar"},{"not_picked":["Astrolabe","Runic Cube"],"picked":"Sozu"}],"items_purged_floors":[11,38],"is_endless":false,"potions_floor_spawned":[1,3,8,10,12,16,28,29,31,33,35,39,40,41,44,45,54],"ascension_level":5}