{"gold_per_floor":[118,130,148,160,176,176,206,206,232,262,262,14,41,58,58,58],"floor_reached":16,"playtime":1209,"items_purged":[],"score":159,"play_id":"0787613c-19a8-4d56-afa9-76d1fd787d27","local_time":"20211012210709","is_ascension_mode":true,"campfire_choices":[{"data":"Armaments","floor":6,"key":"SMITH"},{"data":"Metallicize","floor":11,"key":"SMITH"},{"data":"Ghostly Armor","floor":15,"key":"SMITH"}],"neow_cost":"NONE","seed_source_timestamp":14106931276900,"circlet_count":0,"master_deck":["Strike_R","Strike_R","Strike_R","Strike_R","Strike_R","Defend_R","Defend_R","Defend_R","Defend_R","Bash","Armaments+1","Metallicize+1","Cleave","Shrug It Off","Reaper","Ghostly Armor+1"],"relics":["Burning Blood","InkBottle","Omamori","Orichalcum","Molten Egg 2","Bag of Preparation"],"potions_floor_usage":[7,7,8,10,13],"damage_taken":[{"damage":2,"enemies":"Small Slimes","floor":1,"turns":4},{"damage":6,"enemies":"Cultist","floor":2,"turns":3},{"damage":2,"enemies":"2 Louse","floor":3,"turns":4},{"damage":33,"enemies":"Exordium Wildlife","floor":4,"turns":6},{"damage":8,"enemies":"Blue Slaver","floor":5,"turns":6},{"damage":10,"enemies":"Gremlin Nob","floor":7,"turns":3},{"damage":27,"enemies":"Lagavulin","floor":10,"turns":10},{"damage":10,"enemies":"3 Sentries","floor":13,"turns":6},{"damage":8,"enemies":"3 Louse","floor":14,"turns":4},{"damage":54,"enemies":"Hexaghost","floor":16,"turns":11}],"seed_played":"4437887478373767324","potions_obtained":[{"floor":3,"key":"SteroidPotion"},{"floor":4,"key":"Energy Potion"},{"floor":5,"key":"Fire Potion"},{"floor":7,"key":"SneckoOil"},{"floor":8,"key":"Fruit Juice"},{"floor":8,"key":"CultistPotion"}],"is_trial":false,"path_per_floor":["M","M","M","M","M","R","E","?","T","E","R","$","E","M","R","B"],"character_chosen":"IRONCLAD","items_purchased":["Molten Egg 2"],"campfire_rested":0,"item_purchase_floors":[12],"current_hp_per_floor":[84,84,88,61,59,59,55,60,60,39,39,39,47,54,54,0],"gold":58,"neow_bonus":"TEN_PERCENT_HP_BONUS","is_prod":false,"is_daily":false,"chose_seed":false,"campfire_upgraded":3,"win_rate":0,"timestamp":1634090829,"path_taken":["M","M","M","M","M","R","E","?","T","E","R","?","E","M","R","BOSS"],"build_version":"2020-12-22","purchased_purges":0,"victory":false,"max_hp_per_floor":[88,88,88,88,88,88,88,93,93,93,93,93,93,93,93,93],"card_choices":[{"not_picked":["Clash","Pommel Strike"],"picked":"Armaments","floor":1},{"not_picked":["Iron Wave","Pommel Strike"],"picked":"Metallicize","floor":2},{"not_picked":["True Grit","Whirlwind","Second Wind"],"picked":"SKIP","floor":3},{"not_picked":["Anger","Spot Weakness"],"picked":"Cleave","floor":4},{"not_picked":["Headbutt","Pommel Strike"],"picked":"Shrug It Off","floor":5},{"not_picked":["Seeing Red","True Grit","Twin Strike"],"picked":"SKIP","floor":7},{"not_picked":["Rampage","Limit Break"],"picked":"Reaper","floor":10},{"not_picked":["Clash+1","Warcry","Shrug It Off"],"picked":"SKIP","floor":13},{"not_picked":["Disarm","Searing Blow+1"],"picked":"Ghostly Armor","floor":14}],"player_experience":362763,"relics_obtained":[{"floor":7,"key":"InkBottle"},{"floor":9,"key":"Omamori"},{"floor":10,"key":"Orichalcum"},{"floor":13,"key":"Bag of Preparation"}],"event_choices":[{"damage_healed":0,"gold_gain":0,"player_choice":"Got Potions","damage_taken":0,"max_hp_gain":0,"max_hp_loss":0,"event_name":"Lab","floor":8,"gold_loss":0}],"is_beta":false,"boss_relics":[],"items_purged_floors":[],"is_endless":false,"potions_floor_spawned":[3,4,5,7],"killed_by":"Hexaghost","ascension_level":6}