{"gold_per_floor":[110,126,137,149,149,149,184,184,184,196,147,176,188,42,42,143,143,156,175,186,198,211,245,245,279,279,289,308,308,336,349,349,349],"floor_reached":33,"playtime":3850,"items_purged":[],"score":452,"play_id":"c0e62178-a467-4452-ad91-cb63aae172d6","local_time":"20211126155913","is_ascension_mode":true,"campfire_choices":[{"floor":6.0,"key":"REST"},{"data":"Reaper","floor":8.0,"key":"SMITH"},{"floor":15.0,"key":"REST"},{"data":"Body Slam","floor":24.0,"key":"SMITH"},{"data":"Body Slam","floor":29.0,"key":"SMITH"},{"data":"Bash","floor":32,"key":"PURGE"}],"neow_cost":"PERCENT_DAMAGE","seed_source_timestamp":0,"circlet_count":0,"master_deck":["Strike_R","Strike_R","Strike_R","Defend_R","Defend_R","Defend_R","Defend_R","Body Slam+1","Headbutt","Body Slam+1","Intimidate","Reaper+1","Ghostly Armor+1","Metallicize","Shrug It Off+1","Armaments+1","Impervious+1","CurseOfTheBell","Shrug It Off+1","Pommel Strike+1","Flex+1","Shrug It Off+1","Double Tap+1","Entrench+1"],"special_seed":0,"relics":["Burning Blood","Toy Ornithopter","Du-Vu Doll","White Beast Statue","Toxic Egg 2","Calling Bell","Orichalcum","Gremlin Horn","Peace Pipe","Potion Belt","Torii","Meat on the Bone","Pocketwatch"],"potions_floor_usage":[33,33],"damage_taken":[{"damage":7.0,"enemies":"Jaw Worm","floor":1.0,"turns":3.0},{"damage":6.0,"enemies":"2 Louse","floor":2.0,"turns":3.0},{"damage":4.0,"enemies":"Cultist","floor":3.0,"turns":5.0},{"damage":14.0,"enemies":"Blue Slaver","floor":4.0,"turns":5.0},{"damage":69.0,"enemies":"Lagavulin","floor":7.0,"turns":15.0},{"damage":21.0,"enemies":"3 Louse","floor":10.0,"turns":4.0},{"damage":36.0,"enemies":"Gremlin Nob","floor":12.0,"turns":5.0},{"damage":37.0,"enemies":"Large Slime","floor":13.0,"turns":13.0},{"damage":7.0,"enemies":"The Guardian","floor":16.0,"turns":13.0},{"damage":8.0,"enemies":"3 Byrds","floor":18.0,"turns":6.0},{"damage":27.0,"enemies":"Shell Parasite","floor":19.0,"turns":13.0},{"damage":33.0,"enemies":"Snake Plant","floor":20.0,"turns":9.0},{"damage":15.0,"enemies":"Sentry and Sphere","floor":21.0,"turns":11.0},{"damage":12.0,"enemies":"Chosen and Byrds","floor":22.0,"turns":12.0},{"damage":29.0,"enemies":"Slavers","floor":23.0,"turns":12.0},{"damage":38.0,"enemies":"Book of Stabbing","floor":25.0,"turns":8.0},{"damage":17.0,"enemies":"Snake Plant","floor":27.0,"turns":7.0},{"damage":11.0,"enemies":"Centurion and Healer","floor":28.0,"turns":8.0},{"damage":42.0,"enemies":"Slavers","floor":30.0,"turns":20.0},{"damage":10,"enemies":"Cultist and Chosen","floor":31,"turns":5},{"damage":77,"enemies":"Collector","floor":33,"turns":9}],"seed_played":"-1494806324659966310","potions_obtained":[{"floor":1.0,"key":"EntropicBrew"},{"floor":3.0,"key":"ElixirPotion"},{"floor":7.0,"key":"BlessingOfTheForge"},{"floor":10.0,"key":"FearPotion"},{"floor":12.0,"key":"BloodPotion"},{"floor":13.0,"key":"BlessingOfTheForge"},{"floor":16.0,"key":"ElixirPotion"},{"floor":18.0,"key":"SmokeBomb"},{"floor":19.0,"key":"Regen Potion"},{"floor":20.0,"key":"SkillPotion"},{"floor":21.0,"key":"SkillPotion"},{"floor":22.0,"key":"DuplicationPotion"},{"floor":23.0,"key":"Block Potion"},{"floor":25.0,"key":"ElixirPotion"},{"floor":27.0,"key":"Weak Potion"},{"floor":28.0,"key":"AttackPotion"},{"floor":30,"key":"Swift Potion"},{"floor":31,"key":"Explosive Potion"}],"is_trial":false,"path_per_floor":["M","M","M","M","?","R","E","R","T","M","?","E","M","$","R","B",null,"M","M","M","M","M","E","R","E","T","M","M","R","E","M","R","B"],"character_chosen":"IRONCLAD","items_purchased":["Shrug It Off+1","Armaments+1","Fire Potion"],"campfire_rested":2,"item_purchase_floors":[14,14,14],"current_hp_per_floor":[50,50,52,44,19,43,31,31,31,31,31,39,11,11,35,54,74,75,59,52,43,46,39,39,12,12,23,42,42,40,48,48,0],"gold":349,"neow_bonus":"REMOVE_TWO","is_prod":false,"is_daily":false,"chose_seed":false,"campfire_upgraded":3,"win_rate":0,"timestamp":1637963953,"path_taken":["M","M","M","M","?","R","E","R","T","M","?","E","M","$","R","BOSS","M","M","M","M","M","E","R","E","T","M","M","R","E","M","R","BOSS"],"build_version":"2020-12-22","purchased_purges":0,"victory":false,"max_hp_per_floor":[80,80,80,80,80,80,80,80,80,80,80,80,80,80,80,80,80,80,80,80,80,80,80,80,80,80,80,80,80,80,80,80,80],"card_choices":[{"not_picked":["Burning Pact","Clash"],"picked":"Body Slam","floor":1.0},{"not_picked":["Havoc","Anger"],"picked":"Headbutt","floor":2.0},{"not_picked":["Dropkick","Searing Blow"],"picked":"Body Slam","floor":3.0},{"not_picked":["Warcry","Body Slam"],"picked":"Intimidate","floor":4.0},{"not_picked":["Perfected Strike","Rampage"],"picked":"Reaper","floor":7.0},{"not_picked":["Rampage","Clash","Clothesline"],"picked":"SKIP","floor":10.0},{"not_picked":["Metallicize","Headbutt"],"picked":"Ghostly Armor+1","floor":12.0},{"not_picked":["Anger","Wild Strike"],"picked":"Metallicize","floor":13.0},{"not_picked":["Brutality","Immolate"],"picked":"Impervious+1","floor":16.0},{"not_picked":["Hemokinesis+1","Cleave+1"],"picked":"Shrug It Off+1","floor":18.0},{"not_picked":["Flex+1","Heavy Blade+1"],"picked":"Pommel Strike+1","floor":19.0},{"not_picked":["Dropkick+1","Searing Blow+1","Offering+1"],"picked":"SKIP","floor":20.0},{"not_picked":["Rampage","Anger"],"picked":"Flex+1","floor":21.0},{"not_picked":["Pummel","Cleave","Flex+1"],"picked":"SKIP","floor":22.0},{"not_picked":["Bludgeon","Wild Strike"],"picked":"Shrug It Off+1","floor":23.0},{"not_picked":["Thunderclap","Bloodletting+1","Headbutt"],"picked":"SKIP","floor":25.0},{"not_picked":["Perfected Strike","Heavy Blade+1","Wild Strike"],"picked":"SKIP","floor":27.0},{"not_picked":["Havoc+1","Twin Strike"],"picked":"Double Tap+1","floor":28.0},{"not_picked":["Rampage","Whirlwind+1","Anger+1"],"picked":"SKIP","floor":30},{"not_picked":["Clothesline","Body Slam"],"picked":"Entrench+1","floor":31}],"player_experience":377796,"relics_obtained":[{"floor":7.0,"key":"Du-Vu Doll"},{"floor":9.0,"key":"White Beast Statue"},{"floor":12.0,"key":"Toxic Egg 2"},{"floor":17.0,"key":"Orichalcum"},{"floor":17.0,"key":"Gremlin Horn"},{"floor":17.0,"key":"Peace Pipe"},{"floor":23.0,"key":"Potion Belt"},{"floor":25.0,"key":"Torii"},{"floor":26.0,"key":"Meat on the Bone"},{"floor":30,"key":"Pocketwatch"}],"event_choices":[{"damage_healed":0.0,"max_hp_gain":0.0,"max_hp_loss":0.0,"gold_gain":0.0,"event_name":"Scrap Ooze","player_choice":"Success","floor":5.0,"gold_loss":0.0,"damage_taken":25.0,"relics_obtained":["Toy Ornithopter"]},{"damage_healed":0.0,"max_hp_gain":0.0,"max_hp_loss":0.0,"gold_gain":0.0,"event_name":"World of Goop","player_choice":"Left Gold","floor":11.0,"gold_loss":49.0,"damage_taken":0.0}],"is_beta":false,"boss_relics":[{"not_picked":["Ectoplasm","Astrolabe"],"picked":"Calling Bell"}],"items_purged_floors":[],"is_endless":false,"potions_floor_spawned":[1,3,7,10,12,13,16,18,19,20,21,22,23,25,27,28,30,31],"killed_by":"Collector","ascension_level":8}