{"gold_per_floor":[115,290,303,378,397,397,425,425,425,460,475,98,109,119,119,219,219,202,218,235,235,235],"floor_reached":22,"playtime":1709,"items_purged":["Doubt"],"score":277,"play_id":"e858c111-4afd-4cd4-a53f-af8d392440b2","local_time":"20211122221020","is_ascension_mode":true,"campfire_choices":[{"data":"Armaments","floor":6,"key":"SMITH"},{"floor":8,"key":"REST"},{"data":"Ghostly Armor","floor":15,"key":"SMITH"}],"neow_cost":"PERCENT_DAMAGE","seed_source_timestamp":27265129985600,"circlet_count":0,"master_deck":["Strike_R","Strike_R","Strike_R","Strike_R","Strike_R","Defend_R","Defend_R","Defend_R","Defend_R","Bash","Armaments+1","Headbutt","Headbutt","Ghostly Armor+1","Shrug It Off","Pommel Strike","Shrug It Off","Corruption","Rampage"],"relics":["Black Blood","Unceasing Top","Bottled Lightning","Pantograph","Orichalcum","Brimstone"],"potions_floor_usage":[7,10,16,22],"damage_taken":[{"damage":1,"enemies":"2 Louse","floor":1,"turns":4},{"damage":4,"enemies":"Jaw Worm","floor":3,"turns":4},{"damage":6,"enemies":"Cultist","floor":5,"turns":4},{"damage":45,"enemies":"3 Sentries","floor":7,"turns":13},{"damage":30,"enemies":"Lagavulin","floor":10,"turns":11},{"damage":0,"enemies":"2 Fungi Beasts","floor":11,"turns":4},{"damage":4,"enemies":"Exordium Wildlife","floor":13,"turns":5},{"damage":17,"enemies":"3 Louse","floor":14,"turns":3},{"damage":38,"enemies":"Hexaghost","floor":16,"turns":9},{"damage":19,"enemies":"2 Thieves","floor":18,"turns":4},{"damage":0,"enemies":"Chosen","floor":19,"turns":4},{"damage":45,"enemies":"Snake Plant","floor":20,"turns":4},{"damage":29,"enemies":"Snecko","floor":22,"turns":4}],"seed_played":"4476739456643187771","potions_obtained":[{"floor":1,"key":"Block Potion"},{"floor":7,"key":"GamblersBrew"},{"floor":14,"key":"ColorlessPotion"},{"floor":16,"key":"AttackPotion"},{"floor":19,"key":"ElixirPotion"}],"is_trial":false,"path_per_floor":["M","?","M","?","M","R","E","R","T","E","M","$","M","M","R","B",null,"M","M","M","?","M"],"character_chosen":"IRONCLAD","items_purchased":["Brimstone","FairyPotion","Pommel Strike"],"campfire_rested":1,"item_purchase_floors":[12,12,12],"current_hp_per_floor":[56,56,58,47,47,47,8,32,32,8,14,14,16,30,30,23,66,59,71,38,23,0],"gold":235,"neow_bonus":"ONE_RARE_RELIC","is_prod":false,"is_daily":false,"chose_seed":false,"campfire_upgraded":2,"win_rate":0,"timestamp":1637640620,"path_taken":["M","?","M","?","M","R","E","R","T","E","M","?","M","M","R","BOSS","M","M","M","?","M"],"build_version":"2020-12-22","purchased_purges":1,"victory":false,"max_hp_per_floor":[80,80,80,80,80,80,80,80,80,80,80,80,80,80,80,80,80,80,80,80,85,85],"card_choices":[{"not_picked":["Dropkick","Wild Strike"],"picked":"Armaments","floor":1},{"not_picked":["Flex","Clash"],"picked":"Headbutt","floor":3},{"not_picked":["Armaments","Infernal Blade"],"picked":"Headbutt","floor":5},{"not_picked":["Disarm","Rupture"],"picked":"Ghostly Armor","floor":7},{"not_picked":["Anger","Iron Wave","Perfected Strike"],"picked":"SKIP","floor":10},{"not_picked":["Headbutt","Heavy Blade"],"picked":"Shrug It Off","floor":11},{"not_picked":["Pommel Strike","Juggernaut"],"picked":"Shrug It Off","floor":13},{"not_picked":["Clash","Perfected Strike","Cleave"],"picked":"SKIP","floor":14},{"not_picked":["Fiend Fire","Berserk"],"picked":"Corruption","floor":16},{"not_picked":["Perfected Strike+1","Headbutt"],"picked":"Rampage","floor":18},{"not_picked":["Cleave","Thunderclap","Fire Breathing+1"],"picked":"SKIP","floor":19},{"not_picked":["Headbutt","Flex","Perfected Strike"],"picked":"SKIP","floor":20}],"player_experience":373473,"relics_obtained":[{"floor":7,"key":"Bottled Lightning"},{"floor":9,"key":"Pantograph"},{"floor":10,"key":"Orichalcum"}],"event_choices":[{"damage_healed":0,"gold_gain":175,"player_choice":"AGREE","damage_taken":0,"max_hp_gain":0,"max_hp_loss":0,"event_name":"Liars Game","floor":2,"gold_loss":0,"cards_obtained":["Doubt"]},{"damage_healed":0,"gold_gain":75,"player_choice":"Gather Gold","damage_taken":11,"max_hp_gain":0,"max_hp_loss":0,"event_name":"World of Goop","floor":4,"gold_loss":0},{"damage_healed":0,"gold_gain":0,"player_choice":"Shed Blood","damage_taken":20,"max_hp_gain":5,"max_hp_loss":0,"event_name":"Forgotten Altar","floor":21,"gold_loss":0}],"is_beta":false,"boss_relics":[{"not_picked":["Astrolabe","Empty Cage"],"picked":"Black Blood"}],"items_purged_floors":[12],"is_endless":false,"potions_floor_spawned":[1,7,14,16,19],"killed_by":"Snecko","ascension_level":8}