{"gold_per_floor":[109,126,146,164,174,202,202,232,257,268,268,4,4,22,22,118,118,137,52,38,56,70,70,95,95,95,125,125,125,75,92,92,92],"floor_reached":33,"playtime":2614,"items_purged":["Parasite"],"score":441,"play_id":"84f3c981-bfc0-4830-9253-42fa73637806","local_time":"20211125110224","is_ascension_mode":true,"campfire_choices":[{"data":"Feed","floor":7.0,"key":"SMITH"},{"floor":13.0,"key":"REST"},{"floor":15.0,"key":"REST"},{"floor":23,"key":"REST"},{"floor":25,"key":"REST"},{"floor":29,"key":"REST"},{"floor":32,"key":"REST"}],"neow_cost":"CURSE","seed_source_timestamp":0,"circlet_count":0,"master_deck":["Strike_R","Strike_R","Strike_R","Strike_R","Strike_R","Defend_R","Defend_R","Defend_R","Defend_R","Bash","Feed+1","Metallicize","Wild Strike","Armaments","Second Wind","Seeing Red","Ghostly Armor","Pommel Strike","Flame Barrier","Feed","Barricade","Flame Barrier+1","Rage+1","Burning Pact","Wild Strike+1","Shrug It Off+1","Decay"],"special_seed":0,"relics":["Burning Blood","Pear","Bag of Marbles","Bronze Scales","Blood Vial","SlaversCollar","Centennial Puzzle","Red Mask","Unceasing Top","MealTicket"],"potions_floor_usage":[22,22,31,31,33],"damage_taken":[{"damage":20.0,"enemies":"Small Slimes","floor":1.0,"turns":6.0},{"damage":2.0,"enemies":"Cultist","floor":2.0,"turns":4.0},{"damage":4.0,"enemies":"2 Louse","floor":3.0,"turns":3.0},{"damage":1.0,"enemies":"Large Slime","floor":4.0,"turns":7.0},{"damage":40.0,"enemies":"Exordium Thugs","floor":5.0,"turns":6.0},{"damage":52.0,"enemies":"Gremlin Nob","floor":6.0,"turns":6.0},{"damage":24.0,"enemies":"Lagavulin","floor":8.0,"turns":9.0},{"damage":7.0,"enemies":"Looter","floor":10.0,"turns":3.0},{"damage":11.0,"enemies":"Blue Slaver","floor":14.0,"turns":4.0},{"damage":81.0,"enemies":"Hexaghost","floor":16.0,"turns":13.0},{"damage":33.0,"enemies":"Spheric Guardian","floor":18.0,"turns":8.0},{"damage":17.0,"enemies":"2 Thieves","floor":20.0,"turns":4.0},{"damage":58,"enemies":"Sentry and Sphere","floor":21,"turns":10},{"damage":21,"enemies":"Snecko","floor":22,"turns":9},{"damage":46,"enemies":"Masked Bandits","floor":24,"turns":5},{"damage":40,"enemies":"Slavers","floor":27,"turns":10},{"damage":76,"enemies":"Cultist and Chosen","floor":31,"turns":11},{"damage":70,"enemies":"Champ","floor":33,"turns":24}],"seed_played":"4486200493330297309","potions_obtained":[{"floor":3.0,"key":"BloodPotion"},{"floor":5.0,"key":"SpeedPotion"},{"floor":6.0,"key":"Explosive Potion"},{"floor":14.0,"key":"BloodPotion"},{"floor":16.0,"key":"Swift Potion"},{"floor":20.0,"key":"LiquidMemories"},{"floor":22,"key":"Dexterity Potion"},{"floor":27,"key":"Weak Potion"}],"is_trial":false,"path_per_floor":["M","M","M","M","M","E","R","E","T","M","?","$","R","M","R","B",null,"M","?","M","M","M","R","?","R","T","E","?","R","$","M","R","B"],"character_chosen":"IRONCLAD","items_purchased":["Flame Barrier","Blood Vial","Fire Potion"],"campfire_rested":6,"item_purchase_floors":[12,12,30],"current_hp_per_floor":[61,68,73,81,51,34,34,16,16,19,8,8,40,41,74,26,92,71,71,66,23,13,52,21,62,62,30,30,71,86,21,63,0],"gold":92,"neow_bonus":"THREE_RARE_CARDS","is_prod":false,"is_daily":false,"chose_seed":false,"campfire_upgraded":1,"win_rate":0,"timestamp":1637859744,"path_taken":["M","M","M","M","M","E","R","E","T","M","?","$","R","?","R","BOSS","M","?","M","M","M","R","?","R","T","E","?","R","$","M","R","BOSS"],"build_version":"2020-12-22","purchased_purges":1,"victory":false,"max_hp_per_floor":[83,86,89,92,96,106,106,106,106,110,110,107,107,111,111,114,114,118,118,122,129,132,132,139,139,139,139,139,139,139,142,142,142],"card_choices":[{"not_picked":["Demon Form","Juggernaut"],"picked":"Feed","floor":0.0},{"not_picked":["Perfected Strike","Flex"],"picked":"Metallicize","floor":1.0},{"not_picked":["Cleave","Flex"],"picked":"Wild Strike","floor":2.0},{"not_picked":["Clash","Heavy Blade"],"picked":"Armaments","floor":3.0},{"not_picked":["Headbutt","Twin Strike"],"picked":"Second Wind","floor":4.0},{"not_picked":["Body Slam","Heavy Blade"],"picked":"Seeing Red","floor":5.0},{"not_picked":["Sever Soul","Reckless Charge"],"picked":"Ghostly Armor","floor":6.0},{"not_picked":["Sever Soul","Rage","Whirlwind"],"picked":"SKIP","floor":8.0},{"not_picked":["Perfected Strike","Spot Weakness"],"picked":"Pommel Strike","floor":10.0},{"not_picked":["Headbutt","Cleave"],"picked":"Feed","floor":14.0},{"not_picked":["Offering","Double Tap"],"picked":"Barricade","floor":16.0},{"not_picked":["Iron Wave","Clash"],"picked":"Flame Barrier+1","floor":18.0},{"not_picked":["Thunderclap","Iron Wave"],"picked":"Rage+1","floor":20.0},{"not_picked":["Second Wind","Perfected Strike+1"],"picked":"Burning Pact","floor":21},{"not_picked":["Cleave","Perfected Strike"],"picked":"Wild Strike+1","floor":22},{"not_picked":["Dropkick","Clash"],"picked":"Shrug It Off+1","floor":24},{"not_picked":["Limit Break","Twin Strike","Wild Strike"],"picked":"SKIP","floor":27},{"not_picked":["Havoc","Perfected Strike","Sword Boomerang+1"],"picked":"SKIP","floor":31}],"player_experience":375182,"relics_obtained":[{"floor":6.0,"key":"Pear"},{"floor":8.0,"key":"Bag of Marbles"},{"floor":9.0,"key":"Bronze Scales"},{"floor":24,"key":"Red Mask"},{"floor":26,"key":"Unceasing Top"},{"floor":27,"key":"MealTicket"}],"event_choices":[{"damage_healed":0.0,"max_hp_gain":0.0,"max_hp_loss":0.0,"gold_gain":0.0,"event_name":"Wheel of Change","player_choice":"Damaged","floor":11.0,"gold_loss":0.0,"damage_taken":11.0},{"damage_healed":0.0,"max_hp_gain":0.0,"max_hp_loss":0.0,"gold_gain":0.0,"event_name":"Addict","player_choice":"Obtained Relic","floor":19.0,"gold_loss":85.0,"damage_taken":0.0,"relics_obtained":["Centennial Puzzle"]},{"damage_healed":0,"gold_gain":0,"player_choice":"Fought Bandits","damage_taken":0,"max_hp_gain":0,"max_hp_loss":0,"event_name":"Masked Bandits","floor":24,"gold_loss":0},{"damage_healed":0,"gold_gain":0,"player_choice":"Smashed Altar","damage_taken":0,"max_hp_gain":0,"max_hp_loss":0,"event_name":"Forgotten Altar","floor":28,"gold_loss":0,"cards_obtained":["Decay"]}],"is_beta":false,"boss_relics":[{"not_picked":["Fusion Hammer","Empty Cage"],"picked":"SlaversCollar"}],"items_purged_floors":[12],"is_endless":false,"potions_floor_spawned":[3,5,6,14,16,20,22,27],"killed_by":"Champ","ascension_level":8}