{"gold_per_floor":[219,234,409,409,419,419,444,461,515,515,531,547,547,582,582,683,683,695,695,610,622,17,45,45,45,45,45,58,58,92,112,112,217,217,230,250,250,270,288,320,320,350,350,350,360,378,410,427,427,427,427,427,28,58,58],"floor_reached":56,"playtime":4927,"items_purged":["Defend_R","Strike_R"],"score":2025,"play_id":"810afff8-9bfa-45c2-95a7-7d84645a9b25","local_time":"20211126214559","is_ascension_mode":true,"campfire_choices":[{"data":"Shrug It Off","floor":6.0,"key":"SMITH"},{"data":"Carnage","floor":10.0,"key":"SMITH"},{"data":"Flame Barrier","floor":13.0,"key":"SMITH"},{"data":"Flame Barrier","floor":15.0,"key":"SMITH"},{"data":"Corruption","floor":25.0,"key":"SMITH"},{"data":"Body Slam","floor":27.0,"key":"SMITH"},{"data":"Body Slam","floor":29.0,"key":"SMITH"},{"data":"Shrug It Off","floor":32.0,"key":"SMITH"},{"data":"Feel No Pain","floor":44.0,"key":"SMITH"},{"floor":49.0,"key":"RECALL"},{"data":"Corruption","floor":52.0,"key":"SMITH"}],"neow_cost":"NONE","seed_source_timestamp":1092112718400,"circlet_count":0,"master_deck":["Strike_R","Strike_R","Strike_R","Strike_R","Defend_R","Defend_R","Bash","Bloodletting","Flame Barrier+1","Shrug It Off+1","Carnage+1","Double Tap","Flame Barrier+1","Shrug It Off","Corruption+1","Shrug It Off+1","Body Slam+1","Feel No Pain+1","Shockwave","Exhume","Body Slam+1","Spot Weakness","Havoc","Double Tap","Intimidate","Shrug It Off","Pommel Strike","Impervious","Armaments+1","Corruption+1","Shrug It Off","Armaments+1","True Grit+1","Chrysalis","The Bomb","Panache","Intimidate+1","Parasite","Feel No Pain","Spot Weakness+1","Feel No Pain"],"special_seed":0,"relics":["Burning Blood","HornCleat","Toy Ornithopter","Bag of Marbles","Runic Pyramid","Mercury Hourglass","FossilizedHelix","Orrery","Darkstone Periapt","Bag of Preparation","Calipers","Ice Cream","Philosopher\u0027s Stone","Blue Candle","Torii","Dream Catcher","Bottled Lightning","Bird Faced Urn"],"potions_floor_usage":[55,55,55],"damage_taken":[{"damage":1.0,"enemies":"Cultist","floor":1.0,"turns":4.0},{"damage":8.0,"enemies":"Jaw Worm","floor":2.0,"turns":5.0},{"damage":3.0,"enemies":"2 Louse","floor":5.0,"turns":4.0},{"damage":23.0,"enemies":"3 Sentries","floor":7.0,"turns":12.0},{"damage":4.0,"enemies":"2 Fungi Beasts","floor":8.0,"turns":3.0},{"damage":5.0,"enemies":"Large Slime","floor":11.0,"turns":6.0},{"damage":3.0,"enemies":"Lots of Slimes","floor":12.0,"turns":5.0},{"damage":5.0,"enemies":"Lagavulin","floor":14.0,"turns":6.0},{"damage":54.0,"enemies":"Hexaghost","floor":16.0,"turns":15.0},{"damage":12.0,"enemies":"Chosen","floor":18.0,"turns":3.0},{"damage":0.0,"enemies":"3 Byrds","floor":21.0,"turns":2.0},{"damage":13.0,"enemies":"Book of Stabbing","floor":23.0,"turns":4.0},{"damage":0.0,"enemies":"Snake Plant","floor":28.0,"turns":1.0},{"damage":0.0,"enemies":"Gremlin Leader","floor":30.0,"turns":3.0},{"damage":12.0,"enemies":"Centurion and Healer","floor":31.0,"turns":4.0},{"damage":0.0,"enemies":"Automaton","floor":33.0,"turns":4.0},{"damage":0.0,"enemies":"3 Shapes","floor":35.0,"turns":4.0},{"damage":0.0,"enemies":"Orb Walker","floor":36.0,"turns":3.0},{"damage":0.0,"enemies":"Transient","floor":38.0,"turns":5.0},{"damage":0.0,"enemies":"Sphere and 2 Shapes","floor":39.0,"turns":3.0},{"damage":0.0,"enemies":"Nemesis","floor":40.0,"turns":5.0},{"damage":0.0,"enemies":"Giant Head","floor":42.0,"turns":5.0},{"damage":0.0,"enemies":"Writhing Mass","floor":45.0,"turns":4.0},{"damage":18.0,"enemies":"4 Shapes","floor":46.0,"turns":5.0},{"damage":0.0,"enemies":"Nemesis","floor":47.0,"turns":5.0},{"damage":0.0,"enemies":"Sphere and 2 Shapes","floor":48.0,"turns":3.0},{"damage":1.0,"enemies":"Awakened One","floor":50.0,"turns":8.0},{"damage":0.0,"enemies":"Shield and Spear","floor":54.0,"turns":7.0},{"damage":33,"enemies":"The Heart","floor":55,"turns":11}],"seed_played":"4426654802822285226","potions_obtained":[{"floor":5.0,"key":"Fire Potion"},{"floor":8.0,"key":"Explosive Potion"},{"floor":11.0,"key":"DistilledChaos"},{"floor":16.0,"key":"Regen Potion"},{"floor":28.0,"key":"FearPotion"},{"floor":31.0,"key":"SneckoOil"},{"floor":33.0,"key":"PowerPotion"},{"floor":40.0,"key":"Regen Potion"},{"floor":45.0,"key":"Explosive Potion"}],"is_trial":false,"path_per_floor":["M","M","?","?","M","R","E","M","T","R","M","M","R","E","R","B",null,"M","?","?","M","$","E","?","R","T","R","M","R","E","M","R","B",null,"M","M","?","M","M","E","?","E","T","R","M","M","E","M","R","B",null,"R","$","E","B",null],"character_chosen":"IRONCLAD","items_purchased":["FossilizedHelix","Feel No Pain","Orrery","Swift Potion","Bottled Lightning"],"campfire_rested":0,"item_purchase_floors":[22,22,22,53,53],"current_hp_per_floor":[77,75,75,75,78,78,61,63,63,63,64,67,67,73,73,30,68,62,62,62,68,68,61,61,61,61,61,67,67,73,67,67,73,78,80,80,80,80,80,80,70,76,76,76,86,74,80,86,86,86,86,86,86,86,81],"gold":58,"neow_bonus":"HUNDRED_GOLD","is_prod":false,"is_daily":false,"chose_seed":false,"campfire_upgraded":10,"win_rate":0,"timestamp":1637984759,"path_taken":["M","M","?","?","M","R","E","M","T","R","M","M","R","E","R","BOSS","M","?","?","M","$","E","?","R","T","R","?","R","E","M","R","BOSS","M","M","?","M","M","E","?","E","T","R","?","M","E","M","R","BOSS","R","$","E","BOSS"],"build_version":"2020-12-22","purchased_purges":2,"victory":true,"max_hp_per_floor":[80,80,80,80,80,80,80,80,80,80,80,80,80,80,80,80,80,80,80,80,80,80,80,80,80,80,80,80,80,80,80,80,80,80,80,80,80,80,80,80,80,80,80,80,86,86,86,86,86,86,86,86,86,86,86],"card_choices":[{"not_picked":["Sword Boomerang","Clothesline"],"picked":"Bloodletting","floor":1.0},{"not_picked":["Clash","Combust"],"picked":"Flame Barrier","floor":2.0},{"not_picked":["Headbutt","Armaments"],"picked":"Shrug It Off","floor":5.0},{"not_picked":["Armaments","Power Through"],"picked":"Carnage","floor":7.0},{"not_picked":["Sword Boomerang","True Grit"],"picked":"Double Tap","floor":8.0},{"not_picked":["Anger","Flex","Rampage"],"picked":"SKIP","floor":11.0},{"not_picked":["Perfected Strike","Rampage"],"picked":"Flame Barrier","floor":12.0},{"not_picked":["Hemokinesis","True Grit"],"picked":"Shrug It Off","floor":14.0},{"not_picked":["Immolate","Bludgeon"],"picked":"Corruption","floor":16.0},{"not_picked":["Thunderclap","Clash+1"],"picked":"Shrug It Off","floor":18.0},{"not_picked":["Entrench","Heavy Blade"],"picked":"Body Slam","floor":21.0},{"not_picked":["Burning Pact+1","Thunderclap"],"picked":"Shockwave","floor":22.0},{"not_picked":["Armaments","Thunderclap"],"picked":"Exhume","floor":22.0},{"not_picked":["Anger+1","Clash"],"picked":"Body Slam","floor":22.0},{"not_picked":["Blood for Blood","Clothesline"],"picked":"Spot Weakness","floor":22.0},{"not_picked":["Warcry","Wild Strike"],"picked":"Havoc","floor":22.0},{"not_picked":["Perfected Strike","Headbutt"],"picked":"Double Tap","floor":23.0},{"not_picked":["Heavy Blade","Clash"],"picked":"Intimidate","floor":28.0},{"not_picked":["Pommel Strike","Wild Strike"],"picked":"Shrug It Off","floor":30.0},{"not_picked":["Dropkick","Whirlwind+1"],"picked":"Pommel Strike","floor":31.0},{"not_picked":["Offering","Barricade"],"picked":"Impervious","floor":33.0},{"not_picked":["Iron Wave","Searing Blow"],"picked":"Armaments+1","floor":35.0},{"not_picked":["Wild Strike","Warcry+1"],"picked":"Corruption","floor":36.0},{"not_picked":["Headbutt","Anger"],"picked":"Shrug It Off","floor":38.0},{"not_picked":["Shrug It Off","Twin Strike+1"],"picked":"Armaments+1","floor":39.0},{"not_picked":["Searing Blow","Fiend Fire"],"picked":"True Grit+1","floor":40.0},{"not_picked":["Finesse","Mayhem"],"picked":"Chrysalis","floor":41.0},{"not_picked":["Swift Strike","Mind Blast"],"picked":"The Bomb","floor":41.0},{"not_picked":["Transmutation","PanicButton"],"picked":"Panache","floor":41.0},{"not_picked":["Combust","Anger"],"picked":"Intimidate+1","floor":42.0},{"not_picked":["Wild Strike+1","Headbutt","Whirlwind"],"picked":"SKIP","floor":45.0},{"not_picked":["Thunderclap+1","Spot Weakness+1"],"picked":"Feel No Pain","floor":46.0},{"not_picked":["Rage","Fire Breathing"],"picked":"Spot Weakness+1","floor":47.0},{"not_picked":["Sword Boomerang","Headbutt"],"picked":"Feel No Pain","floor":48.0},{"not_picked":["Headbutt+1","Anger","Warcry"],"picked":"SKIP","floor":54.0}],"player_experience":381646,"relics_obtained":[{"floor":7.0,"key":"HornCleat"},{"floor":9.0,"key":"Toy Ornithopter"},{"floor":14.0,"key":"Bag of Marbles"},{"floor":23.0,"key":"Darkstone Periapt"},{"floor":26.0,"key":"Calipers"},{"floor":30.0,"key":"Ice Cream"},{"floor":40.0,"key":"Blue Candle"},{"floor":42.0,"key":"Torii"},{"floor":47.0,"key":"Dream Catcher"},{"floor":54.0,"key":"Bird Faced Urn"}],"event_choices":[{"damage_healed":0.0,"max_hp_gain":0.0,"max_hp_loss":0.0,"gold_gain":175.0,"event_name":"Liars Game","player_choice":"AGREE","floor":3.0,"gold_loss":0.0,"damage_taken":0.0,"cards_obtained":["Doubt"]},{"cards_removed":["Doubt"],"damage_healed":0.0,"max_hp_gain":0.0,"max_hp_loss":0.0,"gold_gain":0.0,"event_name":"Living Wall","player_choice":"Forget","floor":4.0,"gold_loss":0.0,"damage_taken":0.0},{"damage_healed":0.0,"max_hp_gain":0.0,"max_hp_loss":0.0,"gold_gain":0.0,"event_name":"The Mausoleum","player_choice":"Ignored","floor":19.0,"gold_loss":0.0,"damage_taken":0.0},{"damage_healed":0.0,"max_hp_gain":0.0,"max_hp_loss":0.0,"gold_gain":0.0,"event_name":"Addict","player_choice":"Obtained Relic","floor":20.0,"gold_loss":85.0,"damage_taken":0.0,"relics_obtained":["Mercury Hourglass"]},{"damage_healed":0.0,"max_hp_gain":0.0,"max_hp_loss":0.0,"gold_gain":0.0,"event_name":"WeMeetAgain","player_choice":"Gave Potion","floor":24.0,"gold_loss":0.0,"damage_taken":0.0,"relics_obtained":["Bag of Preparation"]},{"cards_removed":["Defend_R"],"damage_healed":0.0,"max_hp_gain":0.0,"max_hp_loss":0.0,"gold_gain":0.0,"event_name":"Falling","player_choice":"Removed Skill","floor":37.0,"gold_loss":0.0,"damage_taken":0.0},{"damage_healed":0.0,"max_hp_gain":0.0,"max_hp_loss":0.0,"gold_gain":0.0,"event_name":"SensoryStone","player_choice":"Memory 3","floor":41.0,"gold_loss":0.0,"damage_taken":10.0}],"is_beta":false,"boss_relics":[{"not_picked":["Mark of Pain","SacredBark"],"picked":"Runic Pyramid"},{"not_picked":["Runic Dome","Empty Cage"],"picked":"Philosopher\u0027s Stone"}],"items_purged_floors":[22,53],"is_endless":false,"potions_floor_spawned":[5,8,11,16,28,31,33,35,40,45],"ascension_level":8}