{"gold_per_floor":[117,129,146,161,181,208,226,240,240,240,265,46,46,62,62,167,167,182,182,198,213,229,258,274,274,299,331,350,350,385,404,404,501,501,511,167,167,182,199,230,230,241,241,272,292,302,322,348,348,348,348,348,48,80,80],"floor_reached":56,"playtime":6927,"items_purged":["Strike_R","Strike_R+1"],"score":1850,"play_id":"8ccfb405-5cef-4340-8a48-2bf612bb0a4e","local_time":"20211203230346","is_ascension_mode":true,"campfire_choices":[{"data":"Feed","floor":13.0,"key":"SMITH"},{"data":"Carnage","floor":15,"key":"SMITH"},{"data":"Brutality","floor":29,"key":"SMITH"},{"data":"Brutality","floor":32,"key":"SMITH"},{"data":"Rupture","floor":41,"key":"SMITH"},{"floor":49,"key":"RECALL"},{"data":"Barricade","floor":52,"key":"SMITH"}],"neow_cost":"PERCENT_DAMAGE","seed_source_timestamp":513651127600,"circlet_count":0,"master_deck":["Strike_R+1","Strike_R+1","Strike_R+1","Defend_R+1","Defend_R+1","Defend_R+1","Defend_R+1","Bash","Feed+1","Twin Strike","Headbutt","Carnage+1","Bludgeon","Feed+1","Ghostly Armor","Shrug It Off+1","Brutality+1","Shrug It Off+1","Bloodletting+1","Rupture+1","Reaper","Hemokinesis","Blood for Blood","Brutality+1","Power Through+1","Metallicize","Madness","Madness","Warcry+1","Seeing Red+1","Barricade+1","Body Slam+1","Body Slam+1"],"special_seed":0,"relics":["Burning Blood","Lantern","PreservedInsect","Pantograph","Red Skull","Velvet Choker","Pen Nib","Bag of Preparation","Anchor","Kunai","Runic Cube","War Paint","Regal Pillow","Toxic Egg 2","Vajra","Lizard Tail","Boot"],"potions_floor_usage":[16,21,24,27,27,40,55],"damage_taken":[{"damage":1.0,"enemies":"Cultist","floor":1.0,"turns":3.0},{"damage":9.0,"enemies":"2 Louse","floor":2.0,"turns":3.0},{"damage":8.0,"enemies":"Small Slimes","floor":3.0,"turns":3.0},{"damage":8.0,"enemies":"3 Louse","floor":4.0,"turns":3.0},{"damage":7.0,"enemies":"Exordium Wildlife","floor":5.0,"turns":3.0},{"damage":26.0,"enemies":"Gremlin Nob","floor":6.0,"turns":4.0},{"damage":16.0,"enemies":"Lots of Slimes","floor":7.0,"turns":4.0},{"damage":13.0,"enemies":"Blue Slaver","floor":8.0,"turns":2.0},{"damage":15.0,"enemies":"3 Sentries","floor":11.0,"turns":6.0},{"damage":6,"enemies":"Looter","floor":14,"turns":2},{"damage":0,"enemies":"Slime Boss","floor":16,"turns":5},{"damage":17,"enemies":"Shell Parasite","floor":18,"turns":5},{"damage":7,"enemies":"2 Thieves","floor":20,"turns":4},{"damage":15,"enemies":"Centurion and Healer","floor":21,"turns":7},{"damage":46,"enemies":"Cultist and Chosen","floor":22,"turns":8},{"damage":11,"enemies":"Book of Stabbing","floor":23,"turns":3},{"damage":8,"enemies":"3 Cultists","floor":24,"turns":5},{"damage":70,"enemies":"Gremlin Leader","floor":27,"turns":5},{"damage":0,"enemies":"Snecko","floor":28,"turns":1},{"damage":31,"enemies":"Slavers","floor":30,"turns":4},{"damage":3,"enemies":"Centurion and Healer","floor":31,"turns":4},{"damage":102,"enemies":"Automaton","floor":33,"turns":8},{"damage":5,"enemies":"Orb Walker","floor":35,"turns":3},{"damage":43,"enemies":"3 Darklings","floor":38,"turns":6},{"damage":43,"enemies":"Sphere and 2 Shapes","floor":39,"turns":5},{"damage":51,"enemies":"Nemesis","floor":40,"turns":7},{"damage":20,"enemies":"Transient","floor":42,"turns":5},{"damage":26,"enemies":"Giant Head","floor":44,"turns":5},{"damage":37,"enemies":"Jaw Worm Horde","floor":45,"turns":5},{"damage":5,"enemies":"Sphere and 2 Shapes","floor":46,"turns":3},{"damage":36,"enemies":"Spire Growth","floor":47,"turns":4},{"damage":18,"enemies":"Reptomancer","floor":48,"turns":3},{"damage":111,"enemies":"Time Eater","floor":50,"turns":9},{"damage":58,"enemies":"Shield and Spear","floor":54,"turns":5},{"damage":148,"enemies":"The Heart","floor":55,"turns":9}],"seed_played":"-2321755093571910950","potions_obtained":[{"floor":2.0,"key":"SteroidPotion"},{"floor":4.0,"key":"Weak Potion"},{"floor":6.0,"key":"LiquidMemories"},{"floor":8.0,"key":"BlessingOfTheForge"},{"floor":11.0,"key":"Swift Potion"},{"floor":14,"key":"Strength Potion"},{"floor":21,"key":"Swift Potion"},{"floor":23,"key":"EssenceOfSteel"},{"floor":24,"key":"PowerPotion"},{"floor":27,"key":"FairyPotion"},{"floor":30,"key":"Fire Potion"},{"floor":45,"key":"HeartOfIron"}],"is_trial":false,"path_per_floor":["M","M","M","M","M","E","M","M","T","?","E","$","R","M","R","B",null,"M","?","M","M","M","E","M","?","T","E","M","R","E","M","R","B",null,"M","$","?","M","M","E","R","M","T","E","M","M","M","E","R","B",null,"R","$","E","B",null],"character_chosen":"IRONCLAD","items_purchased":["Red Skull","War Paint","FairyPotion","Lizard Tail"],"campfire_rested":0,"item_purchase_floors":[12,36,36,53],"current_hp_per_floor":[59,59,60,61,63,46,39,32,32,32,31,31,31,35,35,74,109,102,102,109,108,76,75,102,102,102,57,67,67,74,95,95,45,153,170,170,146,128,136,95,95,100,100,105,110,119,112,114,114,50,190,190,190,186,93],"gold":80,"neow_bonus":"THREE_RARE_CARDS","is_prod":false,"is_daily":false,"chose_seed":false,"campfire_upgraded":6,"win_rate":0,"timestamp":1638594226,"path_taken":["M","M","M","M","M","E","M","M","T","?","E","$","R","M","R","BOSS","M","?","M","M","M","E","M","?","T","E","M","R","E","M","R","BOSS","M","$","?","M","M","E","R","M","T","E","M","M","M","E","R","BOSS","R","$","E","BOSS"],"build_version":"2020-12-22","purchased_purges":2,"victory":true,"max_hp_per_floor":[83,86,89,92,95,98,101,101,101,101,109,109,109,113,113,121,121,125,125,133,141,149,153,161,161,161,165,169,169,177,185,185,189,189,193,193,193,197,205,209,209,209,209,213,221,229,233,233,233,237,237,237,237,237,241],"card_choices":[{"not_picked":["Fiend Fire","Berserk"],"picked":"Feed","floor":0.0},{"not_picked":["Cleave","Inflame"],"picked":"Twin Strike","floor":1.0},{"not_picked":["Clothesline","Perfected Strike"],"picked":"Headbutt","floor":2.0},{"not_picked":["Rampage","Reckless Charge"],"picked":"Carnage","floor":3.0},{"not_picked":["Headbutt","Sword Boomerang","Anger"],"picked":"SKIP","floor":4.0},{"not_picked":["Heavy Blade","Rampage","Uppercut"],"picked":"SKIP","floor":5.0},{"not_picked":["Flex","Body Slam"],"picked":"Bludgeon","floor":6.0},{"not_picked":["Iron Wave","Cleave"],"picked":"Feed","floor":7.0},{"not_picked":["Body Slam","Reckless Charge"],"picked":"Ghostly Armor","floor":8.0},{"not_picked":["Sword Boomerang","Perfected Strike","Iron Wave"],"picked":"SKIP","floor":11.0},{"not_picked":["Warcry","Infernal Blade"],"picked":"Shrug It Off","floor":14},{"not_picked":["Fiend Fire","Offering"],"picked":"Brutality","floor":16},{"not_picked":["Wild Strike","Havoc+1","Searing Blow"],"picked":"SKIP","floor":18},{"not_picked":["Iron Wave","Twin Strike+1"],"picked":"Shrug It Off+1","floor":20},{"not_picked":["Headbutt","Thunderclap"],"picked":"Bloodletting","floor":21},{"not_picked":["Anger","Hemokinesis+1"],"picked":"Rupture","floor":22},{"not_picked":["Shrug It Off","Fire Breathing"],"picked":"Reaper","floor":23},{"not_picked":["Headbutt","Carnage+1"],"picked":"Hemokinesis","floor":24},{"not_picked":["True Grit","Sword Boomerang"],"picked":"Blood for Blood","floor":27},{"not_picked":["Shrug It Off","Thunderclap"],"picked":"Brutality","floor":28},{"not_picked":["Perfected Strike","Rampage","Headbutt"],"picked":"SKIP","floor":30},{"not_picked":["Twin Strike+1","Wild Strike"],"picked":"Power Through+1","floor":31},{"not_picked":["Warcry+1","Clothesline"],"picked":"Metallicize","floor":35},{"not_picked":["Uppercut","Clothesline+1","Warcry"],"picked":"SKIP","floor":38},{"not_picked":["Sword Boomerang","Uppercut","Perfected Strike+1"],"picked":"SKIP","floor":39},{"not_picked":["Pommel Strike","Inflame"],"picked":"Warcry+1","floor":40},{"not_picked":["Carnage","True Grit+1"],"picked":"Seeing Red+1","floor":42},{"not_picked":["Pommel Strike+1","Anger","Sword Boomerang"],"picked":"SKIP","floor":44},{"not_picked":["Iron Wave","Warcry+1"],"picked":"Barricade","floor":45},{"not_picked":["Twin Strike","Clash+1","Seeing Red+1"],"picked":"SKIP","floor":46},{"not_picked":["Burning Pact+1","Sword Boomerang+1"],"picked":"Body Slam+1","floor":47},{"not_picked":["Pommel Strike+1","Inflame"],"picked":"Body Slam+1","floor":48},{"not_picked":["Intimidate+1","Carnage","Dropkick+1"],"picked":"SKIP","floor":54}],"player_experience":388027,"relics_obtained":[{"floor":6.0,"key":"Lantern"},{"floor":9.0,"key":"PreservedInsect"},{"floor":11.0,"key":"Pantograph"},{"floor":23,"key":"Pen Nib"},{"floor":26,"key":"Bag of Preparation"},{"floor":27,"key":"Anchor"},{"floor":30,"key":"Kunai"},{"floor":40,"key":"Regal Pillow"},{"floor":44,"key":"Toxic Egg 2"},{"floor":48,"key":"Vajra"},{"floor":54,"key":"Boot"}],"event_choices":[{"damage_healed":0.0,"max_hp_gain":0.0,"max_hp_loss":0.0,"gold_gain":0.0,"event_name":"Living Wall","player_choice":"Grow","floor":10.0,"gold_loss":0.0,"damage_taken":0.0,"cards_upgraded":["Feed"]},{"damage_healed":0,"gold_gain":0,"player_choice":"Simplicity","damage_taken":0,"max_hp_gain":0,"max_hp_loss":0,"event_name":"Back to Basics","floor":19,"gold_loss":0,"cards_upgraded":["Strike_R","Strike_R","Strike_R","Strike_R","Defend_R","Defend_R","Defend_R","Defend_R"]},{"damage_healed":0,"gold_gain":0,"player_choice":"Ignored","damage_taken":0,"max_hp_gain":0,"max_hp_loss":0,"event_name":"Vampires","floor":25,"gold_loss":0},{"damage_healed":0,"gold_gain":0,"player_choice":"Embrace Madness","damage_taken":24,"max_hp_gain":0,"max_hp_loss":0,"event_name":"Winding Halls","floor":37,"gold_loss":0,"cards_obtained":["Madness","Madness"]}],"is_beta":false,"boss_relics":[{"not_picked":["Coffee Dripper","SacredBark"],"picked":"Velvet Choker"},{"not_picked":["Calling Bell","SlaversCollar"],"picked":"Runic Cube"}],"items_purged_floors":[12,36],"is_endless":false,"potions_floor_spawned":[2,4,6,8,11,14,21,23,24,27,30,39,45,47,54],"ascension_level":9}