{"gold_per_floor":[112,123,138,138,148,148,207,207,207,57,57,69,43,57,57,160,160,172,183,183,196,196],"floor_reached":22,"playtime":1454,"items_purged":["Strike_R"],"score":258,"play_id":"72950c80-e3ac-427d-8687-485da672a07d","local_time":"20211130214855","is_ascension_mode":true,"campfire_choices":[{"floor":6,"key":"REST"},{"floor":11,"key":"REST"},{"floor":15,"key":"REST"}],"neow_cost":"NONE","seed_source_timestamp":5384002456300,"circlet_count":0,"master_deck":["Strike_R","Strike_R","Strike_R","Defend_R","Defend_R","Defend_R","Bash","Seeing Red","Twin Strike","Feel No Pain","Regret","Armaments","Flame Barrier","Rupture","Body Slam","Shrug It Off","Ghostly Armor","Limit Break","Burning Pact","Battle Trance+1","Hemokinesis"],"relics":["Empty Cage","Girya","Juzu Bracelet","Self Forming Clay","Snecko Eye"],"potions_floor_usage":[2,16,16,16,21],"damage_taken":[{"damage":15,"enemies":"Small Slimes","floor":1,"turns":4},{"damage":12,"enemies":"Jaw Worm","floor":2,"turns":3},{"damage":1,"enemies":"2 Louse","floor":3,"turns":2},{"damage":22,"enemies":"Looter","floor":5,"turns":4},{"damage":24,"enemies":"3 Sentries","floor":7,"turns":10},{"damage":37,"enemies":"Large Slime","floor":12,"turns":8},{"damage":3,"enemies":"3 Louse","floor":14,"turns":3},{"damage":22,"enemies":"Hexaghost","floor":16,"turns":11},{"damage":17,"enemies":"Chosen","floor":18,"turns":3},{"damage":8,"enemies":"Shell Parasite","floor":19,"turns":11},{"damage":19,"enemies":"Chosen and Byrds","floor":21,"turns":9},{"damage":18,"enemies":"Snake Plant","floor":22,"turns":3}],"seed_played":"3603341782289736389","potions_obtained":[{"floor":1,"key":"GamblersBrew"},{"floor":2,"key":"CultistPotion"},{"floor":7,"key":"EssenceOfSteel"},{"floor":14,"key":"Dexterity Potion"},{"floor":18,"key":"SkillPotion"}],"is_trial":false,"path_per_floor":["M","M","M","?","M","R","?","?","T","$","R","M","$","M","R","B",null,"M","M","?","M","M"],"character_chosen":"IRONCLAD","items_purchased":["Rupture","Shrug It Off"],"campfire_rested":3,"item_purchase_floors":[10,13],"current_hp_per_floor":[57,45,44,44,22,46,22,22,22,22,46,9,9,6,30,8,62,45,37,37,18,0],"gold":196,"neow_bonus":"BOSS_RELIC","is_prod":false,"is_daily":false,"chose_seed":false,"campfire_upgraded":0,"win_rate":0,"timestamp":1638330535,"path_taken":["M","M","M","?","M","R","?","?","T","$","R","M","$","M","R","BOSS","M","M","?","M","M"],"build_version":"2020-12-22","purchased_purges":1,"victory":false,"max_hp_per_floor":[80,80,80,80,80,80,80,80,80,80,80,80,80,80,80,80,80,80,80,80,80,80],"card_choices":[{"not_picked":["Battle Trance","Uppercut"],"picked":"Seeing Red","floor":1},{"not_picked":["Warcry","Burning Pact"],"picked":"Twin Strike","floor":2},{"not_picked":["Clothesline","Warcry"],"picked":"Feel No Pain","floor":3},{"not_picked":["Double Tap","Twin Strike"],"picked":"Armaments","floor":5},{"not_picked":["Perfected Strike","Armaments"],"picked":"Flame Barrier","floor":7},{"not_picked":["Rampage","Intimidate"],"picked":"Body Slam","floor":12},{"not_picked":["Armaments","Heavy Blade"],"picked":"Ghostly Armor","floor":14},{"not_picked":["Impervious","Immolate"],"picked":"Limit Break","floor":16},{"not_picked":["True Grit","Thunderclap"],"picked":"Burning Pact","floor":18},{"not_picked":["Heavy Blade","Uppercut+1"],"picked":"Battle Trance+1","floor":19},{"not_picked":["Bloodletting+1","Armaments+1"],"picked":"Hemokinesis","floor":21}],"player_experience":386573,"relics_obtained":[{"floor":9,"key":"Self Forming Clay"}],"event_choices":[{"damage_healed":0,"gold_gain":0,"player_choice":"Box","damage_taken":0,"relics_obtained":["Girya"],"max_hp_gain":0,"max_hp_loss":0,"event_name":"Big Fish","floor":4,"gold_loss":0,"cards_obtained":["Regret"]},{"damage_healed":0,"gold_gain":0,"player_choice":"Searched \u00273\u0027 times","damage_taken":0,"relics_obtained":["Juzu Bracelet"],"max_hp_gain":0,"max_hp_loss":0,"event_name":"Dead Adventurer","floor":7,"gold_loss":0},{"damage_healed":0,"gold_gain":0,"player_choice":"Ignored","damage_taken":0,"max_hp_gain":0,"max_hp_loss":0,"event_name":"Golden Wing","floor":8,"gold_loss":0},{"damage_healed":0,"gold_gain":0,"player_choice":"Ignored","damage_taken":0,"max_hp_gain":0,"max_hp_loss":0,"event_name":"The Mausoleum","floor":20,"gold_loss":0}],"is_beta":false,"boss_relics":[{"not_picked":["Ectoplasm","Astrolabe"],"picked":"Snecko Eye"}],"items_purged_floors":[10],"is_endless":false,"potions_floor_spawned":[1,2,7,14,18],"killed_by":"Snake Plant","ascension_level":9}