{"gold_per_floor":[112,132,145,159,172,201,201,226,305,305,305,39,50,413,413,413],"floor_reached":16,"playtime":1054,"items_purged":["Defend_R"],"score":168,"play_id":"43b570e6-be1a-4cdb-9c69-707b796597d1","local_time":"20211205141206","is_ascension_mode":true,"campfire_choices":[{"data":"Perfected Strike","floor":7.0,"key":"SMITH"},{"data":"Armaments","floor":10.0,"key":"SMITH"},{"floor":15,"key":"REST"}],"neow_cost":"NONE","seed_source_timestamp":14098627113600,"circlet_count":0,"master_deck":["AscendersBane","Strike_R","Strike_R","Strike_R","Strike_R","Strike_R","Defend_R","Defend_R","Defend_R","Bash","Perfected Strike+1","Armaments+1","Ghostly Armor","Evolve","Dark Embrace","Havoc","Sentinel","Secret Technique","Disarm","Wild Strike"],"special_seed":0,"relics":["Burning Blood","Mango","Omamori","Blue Candle","Old Coin"],"potions_floor_usage":[14,14,16],"damage_taken":[{"damage":0.0,"enemies":"Jaw Worm","floor":1.0,"turns":3.0},{"damage":4.0,"enemies":"2 Louse","floor":2.0,"turns":3.0},{"damage":1.0,"enemies":"Small Slimes","floor":3.0,"turns":4.0},{"damage":8.0,"enemies":"3 Louse","floor":4.0,"turns":4.0},{"damage":10.0,"enemies":"2 Fungi Beasts","floor":5.0,"turns":4.0},{"damage":36.0,"enemies":"Gremlin Nob","floor":6.0,"turns":5.0},{"damage":10.0,"enemies":"Lagavulin","floor":8.0,"turns":7.0},{"damage":13.0,"enemies":"Red Slaver","floor":13.0,"turns":4.0},{"damage":41,"enemies":"Lagavulin Event","floor":14,"turns":8},{"damage":56,"enemies":"Slime Boss","floor":16,"turns":8}],"seed_played":"-1029785485186742165","potions_obtained":[{"floor":0.0,"key":"DistilledChaos"},{"floor":0.0,"key":"EntropicBrew"},{"floor":0.0,"key":"Block Potion"},{"floor":4.0,"key":"ElixirPotion"},{"floor":5.0,"key":"Energy Potion"},{"floor":6.0,"key":"PowerPotion"},{"floor":13.0,"key":"GamblersBrew"}],"is_trial":false,"path_per_floor":["M","M","M","M","M","E","R","E","T","R","?","$","M","?","R","B"],"character_chosen":"IRONCLAD","items_purchased":["Secret Technique"],"campfire_rested":1,"item_purchase_floors":[12],"current_hp_per_floor":[78,80,80,78,74,58,58,54,54,54,54,54,47,12,40,0],"gold":413,"neow_bonus":"THREE_SMALL_POTIONS","is_prod":false,"is_daily":false,"chose_seed":false,"campfire_upgraded":2,"win_rate":0,"timestamp":1638735126,"path_taken":["M","M","M","M","M","E","R","E","T","R","?","$","M","?","R","BOSS"],"build_version":"2020-12-22","purchased_purges":1,"victory":false,"max_hp_per_floor":[80,80,80,80,80,94,94,94,94,94,94,94,94,94,94,94],"card_choices":[{"not_picked":["Armaments","Infernal Blade"],"picked":"Perfected Strike","floor":1.0},{"not_picked":["Twin Strike","True Grit"],"picked":"Armaments","floor":2.0},{"not_picked":["Hemokinesis","Clothesline"],"picked":"Ghostly Armor","floor":3.0},{"not_picked":["Twin Strike","Armaments"],"picked":"Evolve","floor":4.0},{"not_picked":["Disarm","Carnage"],"picked":"Dark Embrace","floor":5.0},{"not_picked":["Warcry","Pummel"],"picked":"Havoc","floor":6.0},{"not_picked":["Anger","Inflame"],"picked":"Sentinel","floor":8.0},{"not_picked":["Twin Strike","Carnage"],"picked":"Disarm","floor":13.0},{"not_picked":["Sword Boomerang","Heavy Blade"],"picked":"Wild Strike","floor":14}],"player_experience":396154,"relics_obtained":[{"floor":6.0,"key":"Mango"},{"floor":8.0,"key":"Omamori"},{"floor":9.0,"key":"Blue Candle"},{"floor":14,"key":"Old Coin"}],"event_choices":[{"damage_healed":0.0,"max_hp_gain":0.0,"max_hp_loss":0.0,"gold_gain":0.0,"event_name":"Golden Idol","player_choice":"Ignored","floor":11.0,"gold_loss":0.0,"damage_taken":0.0},{"damage_healed":0,"gold_gain":0,"player_choice":"Searched \u00272\u0027 times","damage_taken":0,"max_hp_gain":0,"max_hp_loss":0,"event_name":"Dead Adventurer","floor":14,"gold_loss":0}],"is_beta":false,"boss_relics":[],"items_purged_floors":[12],"is_endless":false,"potions_floor_spawned":[4,5,6,13],"killed_by":"Slime Boss","ascension_level":10}