{"gold_per_floor":[17,31,50,10,10,10,41,41,41,41,6,30,70,94,94,94],"floor_reached":16,"playtime":759,"items_purged":[],"score":165,"play_id":"c04b4561-5cab-4cee-b8b4-736431a02b6c","local_time":"20211205171104","is_ascension_mode":true,"campfire_choices":[{"data":"Armaments","floor":6,"key":"SMITH"},{"data":"Pommel Strike","floor":8,"key":"SMITH"},{"data":"Pommel Strike","floor":10,"key":"SMITH"},{"data":"Shrug It Off","floor":15,"key":"SMITH"}],"neow_cost":"NO_GOLD","seed_source_timestamp":980982316800,"circlet_count":0,"master_deck":["AscendersBane","Strike_R","Strike_R","Strike_R","Strike_R","Defend_R","Defend_R","Defend_R","Bash","Pommel Strike+1","Pommel Strike+1","Armaments+1","Dark Embrace","Pommel Strike","Feed","Shrug It Off+1"],"relics":["Burning Blood","Golden Idol","Darkstone Periapt","White Beast Statue","Eternal Feather"],"potions_floor_usage":[13,16,16,16],"damage_taken":[{"damage":6,"enemies":"Cultist","floor":1,"turns":3},{"damage":7,"enemies":"Small Slimes","floor":2,"turns":3},{"damage":2,"enemies":"2 Louse","floor":3,"turns":2},{"damage":35,"enemies":"3 Sentries","floor":7,"turns":10},{"damage":11,"enemies":"2 Fungi Beasts","floor":12,"turns":3},{"damage":25,"enemies":"Gremlin Nob","floor":13,"turns":4},{"damage":9,"enemies":"Large Slime","floor":14,"turns":6},{"damage":39,"enemies":"Slime Boss","floor":16,"turns":9}],"seed_played":"-2615396953781587854","potions_obtained":[{"floor":2,"key":"SpeedPotion"},{"floor":12,"key":"Energy Potion"},{"floor":13,"key":"Dexterity Potion"},{"floor":14,"key":"SkillPotion"}],"is_trial":false,"path_per_floor":["M","M","M","$","?","R","E","R","T","R","?","M","E","M","R","B"],"character_chosen":"IRONCLAD","items_purchased":["Dark Embrace"],"campfire_rested":0,"item_purchase_floors":[4],"current_hp_per_floor":[72,71,75,75,55,55,26,26,26,26,46,41,25,26,35,0],"gold":94,"neow_bonus":"REMOVE_TWO","is_prod":false,"is_daily":false,"chose_seed":false,"campfire_upgraded":4,"win_rate":0,"timestamp":1638745864,"path_taken":["M","M","M","$","?","R","E","R","T","R","?","M","E","M","R","BOSS"],"build_version":"2020-12-22","purchased_purges":0,"victory":false,"max_hp_per_floor":[80,80,80,80,80,80,80,80,80,80,80,80,83,87,87,87],"card_choices":[{"not_picked":["Twin Strike","Anger"],"picked":"Pommel Strike","floor":1},{"not_picked":["Thunderclap","Intimidate"],"picked":"Pommel Strike","floor":2},{"not_picked":["Reckless Charge","Sword Boomerang"],"picked":"Armaments","floor":3},{"not_picked":["Ghostly Armor","Second Wind"],"picked":"Pommel Strike","floor":7},{"not_picked":["Shrug It Off","Sentinel"],"picked":"Feed","floor":12},{"not_picked":["Burning Pact","Seeing Red"],"picked":"Shrug It Off","floor":13},{"not_picked":["Power Through","Thunderclap","Inflame"],"picked":"SKIP","floor":14}],"player_experience":397208,"relics_obtained":[{"floor":7,"key":"Darkstone Periapt"},{"floor":9,"key":"White Beast Statue"},{"floor":13,"key":"Eternal Feather"}],"event_choices":[{"damage_healed":0,"gold_gain":0,"player_choice":"Take Damage","damage_taken":20,"relics_obtained":["Golden Idol"],"max_hp_gain":0,"max_hp_loss":0,"event_name":"Golden Idol","floor":5,"gold_loss":0},{"damage_healed":20,"gold_gain":0,"player_choice":"Healed","damage_taken":0,"max_hp_gain":0,"max_hp_loss":0,"event_name":"The Cleric","floor":11,"gold_loss":35}],"is_beta":false,"boss_relics":[],"items_purged_floors":[],"is_endless":false,"potions_floor_spawned":[2,12,13,14],"killed_by":"Slime Boss","ascension_level":10}