{"gold_per_floor":[15,35,46,61,81,81,115,115,189,215,227,227,198,198,198,198],"floor_reached":16,"playtime":1200,"items_purged":[],"score":168,"play_id":"f07c59ac-ff76-404a-b8e1-5d84213fe630","local_time":"20211204140606","is_ascension_mode":true,"campfire_choices":[{"data":"Dark Embrace","floor":6.0,"key":"SMITH"},{"data":"Feed","floor":12.0,"key":"SMITH"},{"data":"Armaments","floor":15.0,"key":"SMITH"}],"neow_cost":"NO_GOLD","seed_source_timestamp":11948362301400,"circlet_count":0,"master_deck":["AscendersBane","Strike_R","Strike_R","Strike_R","Defend_R","Defend_R","Defend_R","Defend_R","Bash","Intimidate","Entrench","Pommel Strike","Dark Embrace+1","Armaments+1","Sever Soul","Cleave","Pommel Strike","Feed+1"],"special_seed":0,"relics":["Burning Blood","Blue Candle","HornCleat","Self Forming Clay","Ice Cream","Frozen Egg 2"],"potions_floor_usage":[16,16],"damage_taken":[{"damage":7.0,"enemies":"Cultist","floor":1.0,"turns":6.0},{"damage":4.0,"enemies":"2 Louse","floor":2.0,"turns":2.0},{"damage":8.0,"enemies":"Small Slimes","floor":3.0,"turns":5.0},{"damage":19.0,"enemies":"Red Slaver","floor":4.0,"turns":7.0},{"damage":5.0,"enemies":"Large Slime","floor":5.0,"turns":7.0},{"damage":40.0,"enemies":"Gremlin Nob","floor":7.0,"turns":5.0},{"damage":16.0,"enemies":"3 Sentries","floor":10.0,"turns":7.0},{"damage":0.0,"enemies":"3 Louse","floor":11.0,"turns":4.0},{"damage":22,"enemies":"Hexaghost","floor":16,"turns":9}],"seed_played":"5580105849525009708","potions_obtained":[{"floor":3.0,"key":"LiquidBronze"},{"floor":7.0,"key":"EssenceOfSteel"},{"floor":10.0,"key":"Swift Potion"}],"is_trial":false,"path_per_floor":["M","M","M","M","M","R","E","T","T","E","M","R","?","?","R","B"],"character_chosen":"IRONCLAD","items_purchased":[],"campfire_rested":0,"item_purchase_floors":[],"current_hp_per_floor":[71,73,71,58,59,59,25,25,25,15,21,21,21,18,18,0],"gold":198,"neow_bonus":"TRANSFORM_TWO_CARDS","is_prod":false,"is_daily":false,"chose_seed":false,"campfire_upgraded":3,"win_rate":0,"timestamp":1638648366,"path_taken":["M","M","M","M","M","R","E","?","T","E","M","R","?","?","R","BOSS"],"build_version":"2020-12-22","purchased_purges":0,"victory":false,"max_hp_per_floor":[80,80,80,80,80,80,80,80,80,80,80,80,80,80,80,80],"card_choices":[{"not_picked":["Whirlwind","Clash"],"picked":"Pommel Strike","floor":1.0},{"not_picked":["Seeing Red","Thunderclap"],"picked":"Dark Embrace","floor":2.0},{"not_picked":["Seeing Red","Cleave"],"picked":"Armaments","floor":3.0},{"not_picked":["Heavy Blade","Bludgeon"],"picked":"Sever Soul","floor":4.0},{"not_picked":["Heavy Blade","Thunderclap"],"picked":"Cleave","floor":5.0},{"not_picked":["Searing Blow","Thunderclap"],"picked":"Pommel Strike","floor":7.0},{"not_picked":["Heavy Blade","Pummel","Anger"],"picked":"SKIP","floor":10.0},{"not_picked":["Carnage","Fire Breathing"],"picked":"Feed","floor":11.0}],"player_experience":394954,"relics_obtained":[{"floor":7.0,"key":"Blue Candle"},{"floor":8.0,"key":"HornCleat"},{"floor":9.0,"key":"Self Forming Clay"},{"floor":10.0,"key":"Ice Cream"}],"event_choices":[{"damage_healed":0.0,"max_hp_gain":0.0,"max_hp_loss":0.0,"gold_gain":0.0,"event_name":"World of Goop","player_choice":"Left Gold","floor":13.0,"gold_loss":29.0,"damage_taken":0.0},{"damage_healed":0.0,"max_hp_gain":0.0,"max_hp_loss":0.0,"gold_gain":0.0,"event_name":"Scrap Ooze","player_choice":"Success","floor":14.0,"gold_loss":0.0,"damage_taken":3.0,"relics_obtained":["Frozen Egg 2"]}],"is_beta":false,"boss_relics":[],"items_purged_floors":[],"is_endless":false,"potions_floor_spawned":[3,7,10],"killed_by":"Hexaghost","ascension_level":10}