{"gold_per_floor":[110,110,122,142,160,192,192,223,246,246,262,289,289,304,304,304],"floor_reached":16,"playtime":964,"items_purged":[],"score":207,"play_id":"afcc7f52-0eea-4537-929e-ae0cc1321d6a","local_time":"20211212210325","is_ascension_mode":true,"campfire_choices":[{"data":"Bash","floor":7.0,"key":"SMITH"},{"data":"Shrug It Off","floor":10.0,"key":"SMITH"},{"floor":13.0,"key":"REST"},{"data":"Carnage","floor":15.0,"key":"SMITH"}],"neow_cost":"NONE","seed_source_timestamp":45511480809000,"circlet_count":0,"master_deck":["AscendersBane","Strike_R","Strike_R","Strike_R","Strike_R","Defend_R","Defend_R","Defend_R","Defend_R","Bash+1","Clothesline","Thunderclap","Shrug It Off+1","Pummel","Corruption","Second Wind","Carnage+1","Warcry"],"special_seed":0,"relics":["Burning Blood","NeowsBlessing","Omamori","Akabeko","Strawberry","Blood Vial"],"potions_floor_usage":[16,16],"damage_taken":[{"damage":0.0,"enemies":"Jaw Worm","floor":1.0,"turns":1.0},{"damage":0.0,"enemies":"2 Louse","floor":3.0,"turns":1.0},{"damage":0.0,"enemies":"Small Slimes","floor":4.0,"turns":1.0},{"damage":6.0,"enemies":"Looter","floor":5.0,"turns":4.0},{"damage":24.0,"enemies":"3 Sentries","floor":6.0,"turns":10.0},{"damage":32.0,"enemies":"Lagavulin","floor":8.0,"turns":10.0},{"damage":0.0,"enemies":"2 Fungi Beasts","floor":11.0,"turns":2.0},{"damage":27.0,"enemies":"3 Sentries","floor":12.0,"turns":10.0},{"damage":1.0,"enemies":"Lots of Slimes","floor":14.0,"turns":2.0},{"damage":90,"enemies":"The Guardian","floor":16,"turns":17}],"seed_played":"6595174417430483927","potions_obtained":[{"floor":1.0,"key":"SneckoOil"},{"floor":3.0,"key":"Swift Potion"},{"floor":6.0,"key":"Energy Potion"},{"floor":12.0,"key":"BloodPotion"},{"floor":14.0,"key":"BloodPotion"}],"is_trial":false,"path_per_floor":["M","?","M","M","M","E","R","E","T","R","M","E","R","M","R","B"],"character_chosen":"IRONCLAD","items_purchased":[],"campfire_rested":1,"item_purchase_floors":[],"current_hp_per_floor":[74,67,73,75,75,57,57,31,38,38,44,23,47,54,54,0],"gold":304,"neow_bonus":"THREE_ENEMY_KILL","is_prod":false,"is_daily":false,"chose_seed":false,"campfire_upgraded":3,"win_rate":0,"timestamp":1639364605,"path_taken":["M","?","M","M","M","E","R","E","T","R","M","E","R","M","R","BOSS"],"build_version":"2020-12-22","purchased_purges":0,"victory":false,"max_hp_per_floor":[75,75,75,75,75,75,75,75,82,82,82,82,82,82,82,82],"card_choices":[{"not_picked":["Twin Strike","Headbutt"],"picked":"Clothesline","floor":1.0},{"not_picked":["Reckless Charge","Warcry"],"picked":"Thunderclap","floor":3.0},{"not_picked":["Thunderclap","Battle Trance"],"picked":"Shrug It Off","floor":4.0},{"not_picked":["Headbutt","Anger"],"picked":"Pummel","floor":5.0},{"not_picked":["Shrug It Off","Sever Soul"],"picked":"Corruption","floor":6.0},{"not_picked":["Headbutt","Body Slam"],"picked":"Second Wind","floor":8.0},{"not_picked":["Heavy Blade","Flex","Twin Strike"],"picked":"SKIP","floor":11.0},{"not_picked":["Immolate","Armaments"],"picked":"Carnage","floor":12.0},{"not_picked":["Iron Wave","Body Slam"],"picked":"Warcry","floor":14.0}],"player_experience":454374,"relics_obtained":[{"floor":6.0,"key":"Omamori"},{"floor":8.0,"key":"Akabeko"},{"floor":9.0,"key":"Strawberry"},{"floor":12.0,"key":"Blood Vial"}],"event_choices":[{"cards_removed":["Strike_R"],"damage_healed":0.0,"max_hp_gain":0.0,"max_hp_loss":0.0,"gold_gain":0.0,"event_name":"Golden Wing","player_choice":"Card Removal","floor":2.0,"gold_loss":0.0,"damage_taken":7.0}],"is_beta":false,"boss_relics":[],"items_purged_floors":[],"is_endless":false,"potions_floor_spawned":[1,3,6,12,14],"killed_by":"The Guardian","ascension_level":14}