{"gold_per_floor":[112,130,130,230,243,243,243,286,286,311,311,347,365,383,383,509,509,524,524,537,123,143,177,177,221,221,259,274,287,287,287,287,415,415,438,457,473,124,149,149,162,205,205,205,240,254,270,48,48,48,48,48,48,88,88],"floor_reached":56,"playtime":6421,"items_purged":["Strike_R","Strike_R"],"score":2053,"play_id":"ff89c163-fe6b-4ed7-af9f-8d4641a6c648","local_time":"20211210222059","is_ascension_mode":true,"campfire_choices":[{"data":"Bash","floor":6,"key":"SMITH"},{"data":"Barricade","floor":11,"key":"SMITH"},{"data":"Battle Trance","floor":15,"key":"SMITH"},{"floor":24,"key":"REST"},{"floor":32,"key":"RECALL"},{"floor":40,"key":"REST"},{"floor":44,"key":"REST"},{"floor":49,"key":"REST"},{"floor":52,"key":"REST"}],"neow_cost":"NONE","seed_source_timestamp":12219679497700,"circlet_count":0,"master_deck":["AscendersBane","Strike_R","Defend_R","Defend_R","Defend_R","Defend_R","Bash+1","Feel No Pain","Cleave","Barricade+1","Clash","Iron Wave","Twin Strike+1","Uppercut+1","Battle Trance+1","Pommel Strike+1","Bludgeon+1","Body Slam+1","Inflame","Warcry+1","Dropkick+1","True Grit+1","Pommel Strike+1","Battle Trance","Flame Barrier","Armaments+1","Limit Break","True Grit+1","Flame Barrier+1","Fiend Fire+1","Flash of Steel+1","Spot Weakness+1","Flex+1","Shrug It Off+1","Seeing Red","Second Wind"],"relics":["Burning Blood","NeowsBlessing","Golden Idol","FossilizedHelix","Molten Egg 2","Lantern","Fusion Hammer","Potion Belt","PreservedInsect","Singing Bowl","Bag of Marbles","StoneCalendar","Juzu Bracelet","MutagenicStrength","Runic Pyramid","Happy Flower","Dead Branch","Kunai"],"potions_floor_usage":[12,16,23,23,23,25,54,55,55,55,55],"damage_taken":[{"damage":0,"enemies":"Jaw Worm","floor":1,"turns":1},{"damage":0,"enemies":"Cultist","floor":2,"turns":1},{"damage":0,"enemies":"2 Louse","floor":5,"turns":1},{"damage":35,"enemies":"3 Sentries","floor":8,"turns":13},{"damage":1,"enemies":"Looter","floor":10,"turns":3},{"damage":16,"enemies":"Gremlin Nob","floor":12,"turns":4},{"damage":12,"enemies":"Lots of Slimes","floor":13,"turns":4},{"damage":5,"enemies":"Gremlin Gang","floor":14,"turns":6},{"damage":0,"enemies":"Slime Boss","floor":16,"turns":6},{"damage":17,"enemies":"2 Thieves","floor":18,"turns":3},{"damage":4,"enemies":"Shell Parasite","floor":20,"turns":4},{"damage":20,"enemies":"Shelled Parasite and Fungi","floor":22,"turns":4},{"damage":7,"enemies":"Slavers","floor":23,"turns":3},{"damage":20,"enemies":"Gremlin Leader","floor":25,"turns":5},{"damage":0,"enemies":"Slavers","floor":27,"turns":3},{"damage":11,"enemies":"Sentry and Sphere","floor":28,"turns":5},{"damage":0,"enemies":"Chosen and Byrds","floor":29,"turns":3},{"damage":28,"enemies":"Collector","floor":33,"turns":8},{"damage":9,"enemies":"Orb Walker","floor":35,"turns":3},{"damage":0,"enemies":"3 Shapes","floor":36,"turns":5},{"damage":0,"enemies":"Sphere and 2 Shapes","floor":37,"turns":7},{"damage":0,"enemies":"3 Darklings","floor":39,"turns":4},{"damage":0,"enemies":"Maw","floor":41,"turns":3},{"damage":0,"enemies":"Giant Head","floor":42,"turns":4},{"damage":26,"enemies":"Nemesis","floor":45,"turns":3},{"damage":0,"enemies":"Writhing Mass","floor":46,"turns":4},{"damage":1,"enemies":"3 Darklings","floor":47,"turns":6},{"damage":15,"enemies":"Donu and Deca","floor":50,"turns":6},{"damage":12,"enemies":"Shield and Spear","floor":54,"turns":5},{"damage":0,"enemies":"The Heart","floor":55,"turns":6}],"seed_played":"-1217937679152521073","potions_obtained":[{"floor":1,"key":"Ancient Potion"},{"floor":8,"key":"ColorlessPotion"},{"floor":10,"key":"BloodPotion"},{"floor":14,"key":"CultistPotion"},{"floor":18,"key":"EntropicBrew"},{"floor":23,"key":"ColorlessPotion"},{"floor":25,"key":"AttackPotion"},{"floor":27,"key":"BlessingOfTheForge"},{"floor":31,"key":"LiquidMemories"},{"floor":54,"key":"DistilledChaos"}],"is_trial":false,"path_per_floor":["M","M","?","?","M","R","?","E","T","M","R","E","M","M","R","B",null,"M","?","M","$","M","E","R","E","T","E","M","M","?","?","R","B",null,"M","M","M","$","M","R","M","E","T","R","E","M","M","$","R","B",null,"R","$","E","B",null],"character_chosen":"IRONCLAD","items_purchased":["Potion Belt","PreservedInsect","Dropkick+1","Fiend Fire+1","Flash of Steel+1","Seeing Red","Second Wind","Ancient Potion"],"campfire_rested":5,"item_purchase_floors":[21,21,21,38,38,48,48,48],"current_hp_per_floor":[78,80,80,80,80,80,74,45,45,50,50,40,34,35,35,41,66,55,55,57,57,43,56,74,60,60,66,61,67,67,67,67,45,67,64,72,76,76,76,76,76,78,78,78,58,66,73,73,82,73,80,82,82,78,84],"gold":88,"neow_bonus":"THREE_ENEMY_KILL","is_prod":false,"is_daily":false,"chose_seed":false,"campfire_upgraded":3,"win_rate":0,"timestamp":1639196459,"path_taken":["M","M","?","?","?","R","?","E","T","M","R","E","M","M","R","BOSS","M","?","?","$","M","E","R","E","T","E","M","M","?","?","R","BOSS","M","M","M","$","M","R","M","E","T","R","E","M","M","$","R","BOSS","R","$","E","BOSS"],"build_version":"2020-12-22","purchased_purges":2,"victory":true,"max_hp_per_floor":[80,80,80,80,80,80,74,74,74,74,74,74,74,74,74,74,74,74,74,74,74,74,74,74,74,74,74,74,74,74,74,74,74,74,74,76,76,76,76,76,76,78,78,78,78,80,82,82,82,82,82,82,82,84,84],"card_choices":[{"not_picked":["Searing Blow","Cleave"],"picked":"Feel No Pain","floor":1},{"not_picked":["Seeing Red","Headbutt"],"picked":"Cleave","floor":2},{"not_picked":["Perfected Strike","Havoc"],"picked":"Clash","floor":5},{"not_picked":["Searing Blow","Headbutt"],"picked":"Iron Wave","floor":8},{"not_picked":["Headbutt+1","Havoc"],"picked":"Twin Strike+1","floor":10},{"not_picked":["Havoc","True Grit"],"picked":"Uppercut+1","floor":12},{"not_picked":["Sever Soul+1","Carnage+1"],"picked":"Battle Trance","floor":13},{"not_picked":["Dark Embrace","Second Wind"],"picked":"Pommel Strike+1","floor":14},{"not_picked":["Demon Form","Juggernaut"],"picked":"Bludgeon+1","floor":16},{"not_picked":["Dual Wield","Thunderclap+1"],"picked":"Body Slam+1","floor":18},{"not_picked":["Searing Blow+1","Heavy Blade+1"],"picked":"Warcry+1","floor":20},{"not_picked":["Iron Wave+1","Warcry","Twin Strike+1"],"picked":"SKIP","floor":22},{"not_picked":["Ghostly Armor","Wild Strike+1"],"picked":"True Grit+1","floor":23},{"not_picked":["Burning Pact","Battle Trance+1"],"picked":"Pommel Strike+1","floor":25},{"not_picked":["Shockwave","Berserk"],"picked":"Battle Trance","floor":27},{"not_picked":["Pummel+1","Clash+1"],"picked":"Flame Barrier","floor":28},{"not_picked":["Uppercut+1","Clothesline+1"],"picked":"Armaments+1","floor":29},{"not_picked":["Barricade","Berserk"],"picked":"Limit Break","floor":33},{"not_picked":["Headbutt+1","Hemokinesis+1"],"picked":"True Grit+1","floor":35},{"not_picked":["Uppercut+1","Carnage+1","Sword Boomerang+1"],"picked":"Singing Bowl","floor":36},{"not_picked":["Wild Strike+1","Body Slam+1"],"picked":"Flame Barrier+1","floor":37},{"not_picked":["Inflame","Headbutt+1"],"picked":"Spot Weakness+1","floor":39},{"not_picked":["Heavy Blade+1","Wild Strike+1"],"picked":"Flex+1","floor":41},{"not_picked":["Twin Strike+1","Power Through","Perfected Strike+1"],"picked":"Singing Bowl","floor":42},{"not_picked":["Evolve+1","Exhume"],"picked":"Shrug It Off+1","floor":45},{"not_picked":["True Grit","Anger+1","Battle Trance+1"],"picked":"Singing Bowl","floor":46},{"not_picked":["Perfected Strike+1","Armaments+1","Cleave+1"],"picked":"Singing Bowl","floor":47},{"not_picked":["Iron Wave+1","Wild Strike+1","Dual Wield"],"picked":"Singing Bowl","floor":54}],"player_experience":410821,"relics_obtained":[{"floor":8,"key":"FossilizedHelix"},{"floor":9,"key":"Molten Egg 2"},{"floor":12,"key":"Lantern"},{"floor":23,"key":"Singing Bowl"},{"floor":25,"key":"Bag of Marbles"},{"floor":26,"key":"StoneCalendar"},{"floor":27,"key":"Juzu Bracelet"},{"floor":42,"key":"Happy Flower"},{"floor":45,"key":"Dead Branch"},{"floor":54,"key":"Kunai"}],"event_choices":[{"damage_healed":0,"gold_gain":0,"cards_transformed":["Strike_R"],"player_choice":"Change","damage_taken":0,"max_hp_gain":0,"max_hp_loss":0,"event_name":"Living Wall","floor":3,"gold_loss":0,"cards_obtained":["Barricade"]},{"damage_healed":0,"gold_gain":100,"player_choice":"Gold","damage_taken":0,"max_hp_gain":0,"max_hp_loss":0,"event_name":"Wheel of Change","floor":4,"gold_loss":0},{"damage_healed":0,"gold_gain":0,"player_choice":"Lose Max HP","damage_taken":0,"relics_obtained":["Golden Idol"],"max_hp_gain":0,"max_hp_loss":6,"event_name":"Golden Idol","floor":7,"gold_loss":0},{"damage_healed":0,"gold_gain":0,"cards_transformed":["Strike_R"],"player_choice":"Transformed","damage_taken":0,"max_hp_gain":0,"max_hp_loss":0,"event_name":"Transmorgrifier","floor":19,"gold_loss":0,"cards_obtained":["Inflame"]},{"damage_healed":0,"gold_gain":0,"player_choice":"Inject Mutagens","damage_taken":0,"relics_obtained":["MutagenicStrength"],"max_hp_gain":0,"max_hp_loss":0,"event_name":"Drug Dealer","floor":30,"gold_loss":0},{"damage_healed":0,"gold_gain":0,"player_choice":"Got Potions","damage_taken":0,"max_hp_gain":0,"max_hp_loss":0,"event_name":"Lab","floor":31,"gold_loss":0}],"is_beta":false,"boss_relics":[{"not_picked":["Astrolabe","Runic Cube"],"picked":"Fusion Hammer"},{"not_picked":["Runic Dome","Empty Cage"],"picked":"Runic Pyramid"}],"items_purged_floors":[21,38],"is_endless":false,"potions_floor_spawned":[1,8,10,14,18,23,25,27,33,39,41,42,54],"ascension_level":11}