{"gold_per_floor":[116,132,144,144,144,144,170,190,190,217,63,81,92,109,109,205,205,216,27,38,38,56,88,106,134,214,239,251,201,201,221,221,316,316,335,335,13,25,43,70,83,118,144,144,144,178,178,196,196,196,196,196,18,48,48],"floor_reached":56,"playtime":4753,"items_purged":["Strike_R"],"score":2453,"play_id":"fc0276b0-8706-4c7a-ad42-2b8d454bb513","local_time":"20211210234150","is_ascension_mode":true,"campfire_choices":[{"data":"Bash","floor":6.0,"key":"SMITH"},{"data":"Armaments","floor":15.0,"key":"SMITH"},{"data":"Burning Pact","floor":30.0,"key":"SMITH"},{"data":"Pommel Strike","floor":32.0,"key":"SMITH"},{"floor":45,"key":"RECALL"},{"floor":49,"key":"REST"},{"floor":52,"key":"REST"}],"neow_cost":"NONE","seed_source_timestamp":18740921330400,"circlet_count":0,"master_deck":["AscendersBane","Strike_R","Strike_R","Strike_R","Defend_R","Defend_R","Defend_R","Bash+1","Shrug It Off","Armaments+1","Disarm","Corruption","Whirlwind","Ghostly Armor","Pommel Strike+1","Flame Barrier","Pommel Strike","Clothesline","Metallicize","Disarm","Burning Pact","Reaper","Dark Embrace","Exhume","Burning Pact+1","Sentinel","Disarm","Flame Barrier","Entrench+1","Warcry","Warcry+1","Corruption","Body Slam+1","Armaments+1","Corruption","Warcry","Havoc+1","Entrench+1","Master of Strategy","Shockwave"],"special_seed":0,"relics":["Burning Blood","Omamori","Prayer Wheel","Gambling Chip","Calipers","Brimstone","Snecko Eye","Oddly Smooth Stone","Shuriken","WingedGreaves","Matryoshka","Torii","Fusion Hammer","Bottled Tornado","Question Card","Potion Belt","Darkstone Periapt","Happy Flower","Vajra"],"potions_floor_usage":[50,55],"damage_taken":[{"damage":7.0,"enemies":"Small Slimes","floor":1.0,"turns":4.0},{"damage":4.0,"enemies":"Jaw Worm","floor":2.0,"turns":5.0},{"damage":7.0,"enemies":"Cultist","floor":3.0,"turns":5.0},{"damage":13.0,"enemies":"Lagavulin","floor":7.0,"turns":7.0},{"damage":1.0,"enemies":"Large Slime","floor":8.0,"turns":6.0},{"damage":27.0,"enemies":"3 Sentries","floor":10.0,"turns":8.0},{"damage":9.0,"enemies":"Lots of Slimes","floor":12.0,"turns":2.0},{"damage":6.0,"enemies":"Red Slaver","floor":13.0,"turns":3.0},{"damage":0.0,"enemies":"3 Louse","floor":14.0,"turns":1.0},{"damage":0.0,"enemies":"Hexaghost","floor":16.0,"turns":6.0},{"damage":0.0,"enemies":"3 Byrds","floor":18.0,"turns":3.0},{"damage":0.0,"enemies":"Spheric Guardian","floor":20.0,"turns":3.0},{"damage":0.0,"enemies":"Cultist and Chosen","floor":22.0,"turns":2.0},{"damage":15.0,"enemies":"Slavers","floor":23.0,"turns":4.0},{"damage":5.0,"enemies":"Centurion and Healer","floor":24.0,"turns":3.0},{"damage":0.0,"enemies":"Book of Stabbing","floor":25.0,"turns":4.0},{"damage":8.0,"enemies":"Slavers","floor":27.0,"turns":4.0},{"damage":0.0,"enemies":"Snecko","floor":28.0,"turns":4.0},{"damage":0.0,"enemies":"3 Cultists","floor":31.0,"turns":2.0},{"damage":0.0,"enemies":"Champ","floor":33.0,"turns":6.0},{"damage":0.0,"enemies":"Orb Walker","floor":35.0,"turns":2.0},{"damage":0,"enemies":"3 Darklings","floor":38,"turns":3},{"damage":0,"enemies":"Sphere and 2 Shapes","floor":39,"turns":3},{"damage":0,"enemies":"Nemesis","floor":40,"turns":3},{"damage":0,"enemies":"Maw","floor":41,"turns":2},{"damage":0,"enemies":"Giant Head","floor":42,"turns":2},{"damage":0,"enemies":"Nemesis","floor":46,"turns":1},{"damage":0,"enemies":"Jaw Worm Horde","floor":48,"turns":2},{"damage":0,"enemies":"Awakened One","floor":50,"turns":2},{"damage":0,"enemies":"Shield and Spear","floor":54,"turns":1},{"damage":0,"enemies":"The Heart","floor":55,"turns":4}],"seed_played":"7947266565921688429","potions_obtained":[{"floor":2.0,"key":"EntropicBrew"},{"floor":7.0,"key":"LiquidBronze"},{"floor":10.0,"key":"DistilledChaos"},{"floor":20.0,"key":"Explosive Potion"},{"floor":22.0,"key":"DistilledChaos"},{"floor":23.0,"key":"Energy Potion"},{"floor":42,"key":"BlessingOfTheForge"},{"floor":48,"key":"SneckoOil"},{"floor":54,"key":"BloodPotion"}],"is_trial":false,"path_per_floor":["M","M","M","?","?","R","E","M","T","E","$","M","M","M","R","B",null,"M","$","M","?","M","E","M","E","T","E","M","?","R","M","R","B",null,"M","?","$","M","M","E","M","E","T","?","R","E","?","M","R","B",null,"R","$","E","B",null],"character_chosen":"IRONCLAD","items_purchased":["Brimstone","Dark Embrace","Oddly Smooth Stone","Bottled Tornado","Master of Strategy"],"campfire_rested":2,"item_purchase_floors":[11,19,19,37,53],"current_hp_per_floor":[71,73,72,72,72,72,65,70,70,49,49,46,46,52,52,58,75,80,80,80,80,80,80,80,80,80,80,80,80,80,80,80,80,80,80,80,80,80,80,80,80,80,80,80,80,80,80,80,80,80,80,80,80,80,80],"gold":48,"neow_bonus":"RANDOM_COMMON_RELIC","is_prod":false,"is_daily":false,"chose_seed":false,"campfire_upgraded":4,"win_rate":0,"timestamp":1639201310,"path_taken":["M","M","M","?","?","R","E","?","T","E","$","M","M","M","R","BOSS","M","$","M","?","M","E","M","E","T","E","?","?","R","?","R","BOSS","M","?","$","M","M","E","?","E","T","?","R","E","?","M","R","BOSS","R","$","E","BOSS"],"build_version":"2020-12-22","purchased_purges":1,"victory":true,"max_hp_per_floor":[80,80,80,80,80,80,80,80,80,80,80,80,80,80,80,80,80,80,80,80,80,80,80,80,80,80,80,80,80,80,80,80,80,80,80,80,80,80,80,80,80,80,80,80,80,80,80,80,80,80,80,80,80,80,80],"card_choices":[{"not_picked":["Cleave","Clash"],"picked":"Shrug It Off","floor":1.0},{"not_picked":["Ghostly Armor","Evolve"],"picked":"Armaments","floor":2.0},{"not_picked":["Intimidate","Second Wind"],"picked":"Disarm","floor":3.0},{"not_picked":["Fire Breathing","Perfected Strike"],"picked":"Whirlwind","floor":7.0},{"not_picked":["Second Wind","Headbutt"],"picked":"Ghostly Armor","floor":8.0},{"not_picked":["Hemokinesis","Seeing Red"],"picked":"Pommel Strike","floor":8.0},{"not_picked":["Wild Strike","Reaper"],"picked":"Flame Barrier","floor":10.0},{"not_picked":["Heavy Blade","Cleave"],"picked":"Pommel Strike","floor":12.0},{"not_picked":["Sever Soul","Thunderclap","Anger"],"picked":"SKIP","floor":12.0},{"not_picked":["Berserk","Warcry"],"picked":"Clothesline","floor":13.0},{"not_picked":["Heavy Blade","Warcry"],"picked":"Metallicize","floor":13.0},{"not_picked":["Pummel","Clothesline"],"picked":"Disarm","floor":14.0},{"not_picked":["Armaments","Warcry"],"picked":"Burning Pact","floor":14.0},{"not_picked":["Corruption","Fiend Fire"],"picked":"Reaper","floor":16.0},{"not_picked":["Anger","Infernal Blade","Body Slam"],"picked":"SKIP","floor":18.0},{"not_picked":["Hemokinesis","Second Wind","Warcry"],"picked":"SKIP","floor":18.0},{"not_picked":["Armaments","Hemokinesis"],"picked":"Exhume","floor":20.0},{"not_picked":["Clash","Thunderclap","Infernal Blade"],"picked":"SKIP","floor":20.0},{"not_picked":["Sword Boomerang+1","Inflame"],"picked":"Burning Pact","floor":22.0},{"not_picked":["Armaments","Heavy Blade","Body Slam"],"picked":"SKIP","floor":22.0},{"not_picked":["Demon Form","Iron Wave+1"],"picked":"Sentinel","floor":23.0},{"not_picked":["Anger","Pummel"],"picked":"Disarm","floor":24.0},{"not_picked":["Evolve","Battle Trance"],"picked":"Flame Barrier","floor":24.0},{"not_picked":["Shrug It Off","Twin Strike"],"picked":"Entrench+1","floor":25.0},{"not_picked":["Pommel Strike","Flex"],"picked":"Warcry","floor":27.0},{"not_picked":["Ghostly Armor","Heavy Blade"],"picked":"Warcry+1","floor":28.0},{"not_picked":["Twin Strike","Cleave","Thunderclap"],"picked":"SKIP","floor":28.0},{"not_picked":["Iron Wave","Headbutt","Reckless Charge"],"picked":"SKIP","floor":31.0},{"not_picked":["Barricade","Power Through","Warcry"],"picked":"SKIP","floor":31.0},{"not_picked":["Fiend Fire","Exhume"],"picked":"Corruption","floor":33.0},{"not_picked":["Twin Strike","Clothesline+1"],"picked":"Body Slam+1","floor":35.0},{"not_picked":["Cleave+1","Twin Strike+1"],"picked":"Armaments+1","floor":35.0},{"not_picked":["Dark Embrace","True Grit"],"picked":"Corruption","floor":38},{"not_picked":["Cleave","True Grit","Twin Strike"],"picked":"SKIP","floor":38},{"not_picked":["Inflame","Searing Blow"],"picked":"Warcry","floor":39},{"not_picked":["Pommel Strike","Anger","Body Slam"],"picked":"SKIP","floor":39},{"not_picked":["Whirlwind","Rage+1","Headbutt"],"picked":"SKIP","floor":40},{"not_picked":["True Grit","Inflame+1","Second Wind+1"],"picked":"Havoc+1","floor":41},{"not_picked":["Demon Form","Armaments","Headbutt","Perfected Strike"],"picked":"SKIP","floor":41},{"not_picked":["Thunderclap","Perfected Strike","Feel No Pain"],"picked":"Entrench+1","floor":42},{"not_picked":["Reckless Charge","Thunderclap","Limit Break","Flex"],"picked":"SKIP","floor":46},{"not_picked":["Anger+1","Ghostly Armor+1","True Grit","Perfected Strike"],"picked":"SKIP","floor":48},{"not_picked":["Clash","Warcry+1","Cleave+1","Sword Boomerang"],"picked":"SKIP","floor":48},{"not_picked":["Berserk","Clothesline","Whirlwind"],"picked":"Shockwave","floor":54}],"player_experience":417242,"relics_obtained":[{"floor":7.0,"key":"Prayer Wheel"},{"floor":9.0,"key":"Gambling Chip"},{"floor":10.0,"key":"Calipers"},{"floor":23.0,"key":"Shuriken"},{"floor":25.0,"key":"WingedGreaves"},{"floor":26.0,"key":"Matryoshka"},{"floor":27.0,"key":"Torii"},{"floor":40,"key":"Question Card"},{"floor":42,"key":"Potion Belt"},{"floor":43,"key":"Darkstone Periapt"},{"floor":46,"key":"Happy Flower"},{"floor":54,"key":"Vajra"}],"event_choices":[{"damage_healed":0.0,"max_hp_gain":0.0,"max_hp_loss":0.0,"gold_gain":0.0,"event_name":"Liars Game","player_choice":"Ignored","floor":4.0,"gold_loss":0.0,"damage_taken":0.0},{"damage_healed":0.0,"max_hp_gain":0.0,"max_hp_loss":0.0,"gold_gain":0.0,"event_name":"Match and Keep!","player_choice":"1 cards matched","floor":5.0,"gold_loss":0.0,"damage_taken":0.0,"cards_obtained":["Corruption"]},{"damage_healed":0.0,"max_hp_gain":0.0,"max_hp_loss":0.0,"gold_gain":0.0,"cards_transformed":["Strike_R"],"event_name":"Transmorgrifier","player_choice":"Transformed","floor":21.0,"gold_loss":0.0,"damage_taken":0.0,"cards_obtained":["Brutality"]},{"damage_healed":0.0,"max_hp_gain":0.0,"max_hp_loss":0.0,"gold_gain":0.0,"event_name":"The Joust","player_choice":"Bet on Murderer","floor":29.0,"gold_loss":50.0,"damage_taken":0.0},{"cards_removed":["Brutality"],"damage_healed":0.0,"max_hp_gain":0.0,"max_hp_loss":0.0,"gold_gain":0.0,"event_name":"Purifier","player_choice":"Purged","floor":36.0,"gold_loss":0.0,"damage_taken":0.0},{"cards_removed":["Defend_R"],"damage_healed":0,"gold_gain":0,"player_choice":"Removed Skill","damage_taken":0,"max_hp_gain":0,"max_hp_loss":0,"event_name":"Falling","floor":44,"gold_loss":0},{"damage_healed":0,"gold_gain":0,"player_choice":"Ignored","damage_taken":0,"max_hp_gain":0,"max_hp_loss":0,"event_name":"Tomb of Lord Red Mask","floor":47,"gold_loss":0}],"is_beta":false,"boss_relics":[{"not_picked":["Ectoplasm","Tiny House"],"picked":"Snecko Eye"},{"not_picked":["Black Star","Mark of Pain"],"picked":"Fusion Hammer"}],"items_purged_floors":[37],"is_endless":false,"potions_floor_spawned":[2,7,10,12,13,20,22,23,25,28,39,42,48,54],"ascension_level":12}