{"gold_per_floor":[12,12,30,51,51,65,78,78,78,119,21,52,67,67,67,190,190,190,190,190,46,46,46,46,46,46,46,46,46,46,46,46,46,46,46,46,46,46,46,46,46,46,46,46,6,6,6,6,6,6,6,6,6,6,6],"floor_reached":56,"playtime":4819,"items_purged":[],"score":1843,"play_id":"a96bc546-0ff4-4a9f-947f-95085aa521bb","local_time":"20211210195128","is_ascension_mode":true,"campfire_choices":[{"data":"Shrug It Off","floor":8.0,"key":"SMITH"},{"floor":15.0,"key":"REST"},{"data":"Metallicize","floor":23.0,"key":"SMITH"},{"floor":27.0,"key":"REST"},{"data":"Barricade","floor":30.0,"key":"SMITH"},{"data":"Second Wind","floor":32.0,"key":"SMITH"},{"data":"Juggernaut","floor":40.0,"key":"SMITH"},{"data":"Shrug It Off","floor":42.0,"key":"SMITH"},{"floor":47.0,"key":"RECALL"},{"data":"Metallicize","floor":49.0,"key":"SMITH"},{"data":"Defend_R","floor":52.0,"key":"SMITH"}],"neow_cost":"NO_GOLD","seed_source_timestamp":0,"circlet_count":0,"master_deck":["AscendersBane","Strike_R","Strike_R","Strike_R","Defend_R","Defend_R","Defend_R+1","Bash","Cleave","Twin Strike","Body Slam+1","Shrug It Off+1","Clothesline+1","Body Slam+1","Metallicize+1","Reaper+1","Headbutt+1","Iron Wave+1","Feel No Pain+1","Shrug It Off+1","Second Wind+1","Reckless Charge+1","Barricade+1","Pommel Strike+1","Pommel Strike+1","Juggernaut+1","Shrug It Off+1","Ghostly Armor+1","Metallicize+1","Metallicize+1","Rage+1","True Grit+1"],"special_seed":0,"relics":["Burning Blood","Golden Idol","InkBottle","Molten Egg 2","Meat on the Bone","Ectoplasm","Mummified Hand","Happy Flower","Ancient Tea Set","Blue Candle","Pen Nib","Snecko Eye","HornCleat","Letter Opener","Bag of Preparation","Nunchaku"],"potions_floor_usage":[55,55,55],"damage_taken":[{"damage":15.0,"enemies":"Jaw Worm","floor":1.0,"turns":5.0},{"damage":1.0,"enemies":"Cultist","floor":3.0,"turns":3.0},{"damage":2.0,"enemies":"2 Louse","floor":4.0,"turns":3.0},{"damage":19.0,"enemies":"Blue Slaver","floor":6.0,"turns":5.0},{"damage":14.0,"enemies":"Red Slaver","floor":7.0,"turns":4.0},{"damage":24.0,"enemies":"3 Sentries","floor":10.0,"turns":10.0},{"damage":4.0,"enemies":"Lagavulin","floor":12.0,"turns":5.0},{"damage":9.0,"enemies":"Looter","floor":13.0,"turns":3.0},{"damage":46.0,"enemies":"Hexaghost","floor":16.0,"turns":15.0},{"damage":14.0,"enemies":"Shell Parasite","floor":18.0,"turns":4.0},{"damage":20.0,"enemies":"3 Byrds","floor":19.0,"turns":5.0},{"damage":8.0,"enemies":"Snake Plant","floor":22.0,"turns":3.0},{"damage":65.0,"enemies":"Gremlin Leader","floor":25.0,"turns":9.0},{"damage":7.0,"enemies":"Chosen and Byrds","floor":28.0,"turns":6.0},{"damage":35.0,"enemies":"Book of Stabbing","floor":29.0,"turns":6.0},{"damage":17.0,"enemies":"Snecko","floor":31.0,"turns":6.0},{"damage":13.0,"enemies":"Champ","floor":33.0,"turns":8.0},{"damage":44.0,"enemies":"3 Darklings","floor":35.0,"turns":4.0},{"damage":4.0,"enemies":"3 Shapes","floor":36.0,"turns":4.0},{"damage":9.0,"enemies":"Jaw Worm Horde","floor":37.0,"turns":3.0},{"damage":0.0,"enemies":"Transient","floor":38.0,"turns":5.0},{"damage":12.0,"enemies":"Nemesis","floor":41.0,"turns":7.0},{"damage":1.0,"enemies":"Giant Head","floor":44.0,"turns":4.0},{"damage":0.0,"enemies":"Sphere and 2 Shapes","floor":46.0,"turns":3.0},{"damage":1.0,"enemies":"Reptomancer","floor":48.0,"turns":6.0},{"damage":34.0,"enemies":"Awakened One","floor":50.0,"turns":13.0},{"damage":0.0,"enemies":"Shield and Spear","floor":54.0,"turns":6.0},{"damage":83,"enemies":"The Heart","floor":55,"turns":11}],"seed_played":"-6291546075954998914","potions_obtained":[{"floor":3.0,"key":"ElixirPotion"},{"floor":7.0,"key":"GamblersBrew"},{"floor":10.0,"key":"GamblersBrew"},{"floor":18.0,"key":"Energy Potion"},{"floor":28.0,"key":"ElixirPotion"},{"floor":31.0,"key":"Fire Potion"},{"floor":36.0,"key":"DistilledChaos"},{"floor":37.0,"key":"Block Potion"}],"is_trial":false,"path_per_floor":["M","?","M","M","?","M","M","R","T","E","$","E","M","?","R","B",null,"M","M","?","$","M","R","?","E","T","R","M","E","R","M","R","B",null,"M","M","M","M","?","R","E","R","T","E","$","M","R","E","R","B",null,"R","$","E","B",null],"character_chosen":"IRONCLAD","items_purchased":["Body Slam+1","Fire Potion","Happy Flower","Metallicize"],"campfire_rested":2,"item_purchase_floors":[11,11,21,45],"current_hp_per_floor":[63,43,48,52,52,39,31,31,31,13,13,15,24,24,48,20,65,57,55,55,55,58,58,58,21,21,45,54,42,42,43,43,48,72,56,73,80,80,80,80,74,74,74,80,80,80,80,80,80,52,73,73,73,80,20],"gold":6,"neow_bonus":"REMOVE_TWO","is_prod":false,"is_daily":false,"chose_seed":false,"campfire_upgraded":8,"win_rate":0,"timestamp":1639187488,"path_taken":["M","?","M","M","?","M","?","R","T","E","$","E","M","?","R","BOSS","M","M","?","$","?","R","?","E","T","R","M","E","R","?","R","BOSS","M","M","M","M","?","R","E","R","T","E","?","M","R","E","R","BOSS","R","$","E","BOSS"],"build_version":"2020-12-22","purchased_purges":0,"victory":true,"max_hp_per_floor":[80,80,80,80,80,80,80,80,80,80,80,80,80,80,80,80,80,80,80,80,80,80,80,80,80,80,80,80,80,80,80,80,80,80,80,80,80,80,80,80,80,80,80,80,80,80,80,80,80,80,80,80,80,80,80],"card_choices":[{"not_picked":["Flex","Wild Strike"],"picked":"Cleave","floor":1.0},{"not_picked":["Bloodletting","Seeing Red"],"picked":"Twin Strike","floor":3.0},{"not_picked":["Headbutt","Wild Strike"],"picked":"Body Slam","floor":4.0},{"not_picked":["Rage","Thunderclap"],"picked":"Shrug It Off","floor":6.0},{"not_picked":["Rupture","Sword Boomerang","Cleave"],"picked":"SKIP","floor":7.0},{"not_picked":["Heavy Blade+1","Exhume"],"picked":"Clothesline+1","floor":10.0},{"not_picked":["Flex","Rage","Rupture"],"picked":"SKIP","floor":12.0},{"not_picked":["Twin Strike+1","Thunderclap+1"],"picked":"Metallicize","floor":13.0},{"not_picked":["Bludgeon+1","Exhume"],"picked":"Reaper+1","floor":16.0},{"not_picked":["Perfected Strike+1","Wild Strike+1"],"picked":"Headbutt+1","floor":18.0},{"not_picked":["Flex","Clothesline+1"],"picked":"Iron Wave+1","floor":19.0},{"not_picked":["Havoc","Armaments+1"],"picked":"Feel No Pain+1","floor":22.0},{"not_picked":["Double Tap","Intimidate"],"picked":"Second Wind","floor":25.0},{"not_picked":["Havoc","Perfected Strike+1"],"picked":"Reckless Charge+1","floor":28.0},{"not_picked":["Armaments+1","Seeing Red"],"picked":"Barricade","floor":29.0},{"not_picked":["Wild Strike+1","Whirlwind+1"],"picked":"Pommel Strike+1","floor":31.0},{"not_picked":["Armaments+1","Havoc+1"],"picked":"Pommel Strike+1","floor":35.0},{"not_picked":["Sword Boomerang+1","Dropkick+1"],"picked":"Juggernaut","floor":36.0},{"not_picked":["Armaments+1","Clash+1","Sever Soul+1"],"picked":"SKIP","floor":37.0},{"not_picked":["Warcry+1","Headbutt+1"],"picked":"Shrug It Off","floor":38.0},{"not_picked":["Iron Wave+1","Sever Soul+1"],"picked":"Ghostly Armor+1","floor":41.0},{"not_picked":["Body Slam+1","Shrug It Off"],"picked":"Metallicize+1","floor":44.0},{"not_picked":["Bludgeon+1","Headbutt+1","Iron Wave+1"],"picked":"SKIP","floor":46.0},{"not_picked":["Perfected Strike+1","Brutality"],"picked":"Rage+1","floor":48.0},{"not_picked":["Limit Break","Blood for Blood+1"],"picked":"True Grit+1","floor":54.0}],"player_experience":405528,"relics_obtained":[{"floor":9.0,"key":"InkBottle"},{"floor":10.0,"key":"Molten Egg 2"},{"floor":12.0,"key":"Meat on the Bone"},{"floor":25.0,"key":"Ancient Tea Set"},{"floor":26.0,"key":"Blue Candle"},{"floor":29.0,"key":"Pen Nib"},{"floor":41.0,"key":"HornCleat"},{"floor":44.0,"key":"Letter Opener"},{"floor":48.0,"key":"Bag of Preparation"},{"floor":54.0,"key":"Nunchaku"}],"event_choices":[{"damage_healed":0.0,"max_hp_gain":0.0,"max_hp_loss":0.0,"gold_gain":0.0,"event_name":"Golden Idol","player_choice":"Take Damage","floor":2.0,"gold_loss":0.0,"damage_taken":20.0,"relics_obtained":["Golden Idol"]},{"cards_removed":["Strike_R"],"damage_healed":0.0,"max_hp_gain":0.0,"max_hp_loss":0.0,"gold_gain":0.0,"event_name":"Bonfire Elementals","player_choice":"Offered Basic","floor":5.0,"gold_loss":0.0,"damage_taken":0.0},{"damage_healed":0.0,"max_hp_gain":0.0,"max_hp_loss":0.0,"gold_gain":0.0,"event_name":"Living Wall","player_choice":"Grow","floor":14.0,"gold_loss":0.0,"damage_taken":0.0,"cards_upgraded":["Body Slam"]},{"damage_healed":0.0,"max_hp_gain":0.0,"max_hp_loss":0.0,"gold_gain":0.0,"event_name":"WeMeetAgain","player_choice":"Gave Potion","floor":20.0,"gold_loss":0.0,"damage_taken":0.0,"relics_obtained":["Mummified Hand"]},{"damage_healed":0.0,"max_hp_gain":0.0,"max_hp_loss":0.0,"gold_gain":0.0,"event_name":"Duplicator","player_choice":"Copied","floor":24.0,"gold_loss":0.0,"damage_taken":0.0,"cards_obtained":["Shrug It Off"]},{"damage_healed":0.0,"max_hp_gain":0.0,"max_hp_loss":0.0,"gold_gain":100.0,"event_name":"Golden Shrine","player_choice":"Pray","floor":39.0,"gold_loss":0.0,"damage_taken":0.0}],"is_beta":false,"boss_relics":[{"not_picked":["Runic Dome","Black Star"],"picked":"Ectoplasm"},{"not_picked":["Velvet Choker","Runic Cube"],"picked":"Snecko Eye"}],"items_purged_floors":[],"is_endless":false,"potions_floor_spawned":[3,7,10,18,28,31,36,37,44,46],"ascension_level":10}