{"gold_per_floor":[116,126,137,137,152,187,198,198,243,272,286,304,332,345,345,345],"floor_reached":16,"playtime":751,"items_purged":[],"score":189,"play_id":"6fdac127-1fde-4f19-bb6f-be14fd542968","local_time":"20211209175052","is_ascension_mode":true,"campfire_choices":[{"data":"Infernal Blade","floor":8,"key":"SMITH"},{"data":"Corruption","floor":15,"key":"SMITH"}],"neow_cost":"NONE","seed_source_timestamp":543949182600,"circlet_count":0,"master_deck":["AscendersBane","Strike_R","Strike_R","Strike_R","Strike_R","Defend_R","Defend_R","Defend_R","Defend_R","Bash","Battle Trance","Infernal Blade+1","Hemokinesis","Cleave","Spot Weakness","Double Tap","Rage","Corruption+1"],"relics":["Burning Blood","Darkstone Periapt","Blood Vial","Mummified Hand","Happy Flower"],"potions_floor_usage":[6,10,13,13,16],"damage_taken":[{"damage":5,"enemies":"Small Slimes","floor":1,"turns":3},{"damage":1,"enemies":"Cultist","floor":2,"turns":3},{"damage":2,"enemies":"Jaw Worm","floor":3,"turns":3},{"damage":9,"enemies":"2 Fungi Beasts","floor":5,"turns":3},{"damage":57,"enemies":"Lagavulin","floor":6,"turns":8},{"damage":13,"enemies":"Looter","floor":7,"turns":2},{"damage":16,"enemies":"3 Sentries","floor":10,"turns":5},{"damage":4,"enemies":"Exordium Wildlife","floor":11,"turns":3},{"damage":16,"enemies":"Red Slaver","floor":12,"turns":2},{"damage":22,"enemies":"Lagavulin","floor":13,"turns":4},{"damage":17,"enemies":"Blue Slaver","floor":14,"turns":3},{"damage":24,"enemies":"Hexaghost","floor":16,"turns":7}],"seed_played":"1715417086128172014","potions_obtained":[{"floor":1,"key":"Strength Potion"},{"floor":3,"key":"Regen Potion"},{"floor":6,"key":"Regen Potion"},{"floor":11,"key":"EssenceOfSteel"},{"floor":12,"key":"Block Potion"}],"is_trial":false,"path_per_floor":["M","M","M","?","M","E","M","R","T","E","M","M","E","M","R","B"],"character_chosen":"IRONCLAD","items_purchased":[],"campfire_rested":0,"item_purchase_floors":[],"current_hp_per_floor":[81,86,88,88,85,34,27,27,27,33,37,29,27,18,18,0],"gold":345,"neow_bonus":"TEN_PERCENT_HP_BONUS","is_prod":false,"is_daily":false,"chose_seed":false,"campfire_upgraded":2,"win_rate":0,"timestamp":1639093852,"path_taken":["M","M","M","?","M","E","M","R","T","E","?","M","E","M","R","BOSS"],"build_version":"2020-12-22","purchased_purges":0,"victory":false,"max_hp_per_floor":[88,88,88,88,88,88,88,88,88,88,88,88,88,88,88,88],"card_choices":[{"not_picked":["Dark Embrace","Thunderclap"],"picked":"Battle Trance","floor":1},{"not_picked":["Evolve","Sever Soul"],"picked":"Infernal Blade","floor":2},{"not_picked":["Body Slam","Armaments"],"picked":"Hemokinesis","floor":3},{"not_picked":["Thunderclap","Fire Breathing"],"picked":"Cleave","floor":5},{"not_picked":["Sword Boomerang","Uppercut","Perfected Strike"],"picked":"SKIP","floor":6},{"not_picked":["Metallicize","Clothesline"],"picked":"Spot Weakness","floor":7},{"not_picked":["Battle Trance","True Grit"],"picked":"Double Tap","floor":10},{"not_picked":["Perfected Strike","Havoc","Whirlwind"],"picked":"SKIP","floor":11},{"not_picked":["Feel No Pain","Warcry","Anger"],"picked":"SKIP","floor":12},{"not_picked":["Heavy Blade","Burning Pact"],"picked":"Rage","floor":13},{"not_picked":["Armaments","Body Slam"],"picked":"Corruption","floor":14}],"player_experience":404777,"relics_obtained":[{"floor":6,"key":"Darkstone Periapt"},{"floor":9,"key":"Blood Vial"},{"floor":10,"key":"Mummified Hand"},{"floor":13,"key":"Happy Flower"}],"event_choices":[{"cards_removed":["Strike_R"],"damage_healed":0,"gold_gain":0,"player_choice":"Card Removal","damage_taken":0,"max_hp_gain":0,"max_hp_loss":0,"event_name":"Wheel of Change","floor":4,"gold_loss":0}],"is_beta":false,"boss_relics":[],"items_purged_floors":[],"is_endless":false,"potions_floor_spawned":[1,3,6,11,12],"killed_by":"Hexaghost","ascension_level":10}