{"gold_per_floor":[116,126,301,314,314,314,347,361,361,396,15,29,29,49,49,124,124,142,102,2,15,27,60,70,95,173,192,225,240,240,256,256,335,335,347,17,31,44,55,55,55,83,83,103,137,137,171,171,171,171],"floor_reached":51,"playtime":4722,"items_purged":["Decay","Doubt","Defend_R"],"score":1395,"play_id":"fa7b5abe-15f7-465d-9fb1-9b24d14d82cc","local_time":"20211213174653","is_ascension_mode":true,"campfire_choices":[{"data":"Armaments","floor":6.0,"key":"SMITH"},{"floor":13.0,"key":"REST"},{"data":"Bash","floor":15.0,"key":"SMITH"},{"data":"Body Slam","floor":30,"key":"SMITH"},{"floor":32,"key":"REST"},{"data":"Perfected Strike","floor":40,"key":"SMITH"},{"data":"Shrug It Off","floor":46,"key":"SMITH"},{"floor":49,"key":"RECALL"}],"neow_cost":"CURSE","seed_source_timestamp":129882658099,"circlet_count":0,"master_deck":["AscendersBane","Strike_R","Strike_R","Strike_R","Strike_R","Defend_R","Defend_R+1","Bash+1","Fiend Fire+1","Rampage","Armaments+1","Clothesline","Cleave","Disarm+1","Perfected Strike+1","Impervious","Battle Trance+1","Perfected Strike+1","Entrench+1","Warcry","Perfected Strike+1","Shrug It Off+1","Body Slam+1","Wild Strike","Barricade","Metallicize+1","Perfected Strike+1","Corruption","Perfected Strike","PanicButton"],"special_seed":0,"relics":["Burning Blood","FaceOfCleric","Question Card","HornCleat","StrikeDummy","Incense Burner","Snecko Eye","War Paint","Du-Vu Doll","Sundial","Red Mask","Mark of Pain","Happy Flower","Orichalcum","Singing Bowl","Magic Flower","Centennial Puzzle"],"potions_floor_usage":[27,33,33,45,50],"damage_taken":[{"damage":0.0,"enemies":"Small Slimes","floor":1.0,"turns":2.0},{"damage":2.0,"enemies":"2 Louse","floor":2.0,"turns":2.0},{"damage":0.0,"enemies":"Cultist","floor":4.0,"turns":2.0},{"damage":63.0,"enemies":"3 Sentries","floor":7.0,"turns":10.0},{"damage":15.0,"enemies":"3 Louse","floor":8.0,"turns":2.0},{"damage":10.0,"enemies":"Lagavulin","floor":10.0,"turns":5.0},{"damage":0.0,"enemies":"Exordium Thugs","floor":12.0,"turns":3.0},{"damage":7.0,"enemies":"2 Fungi Beasts","floor":14.0,"turns":3.0},{"damage":18.0,"enemies":"The Guardian","floor":16.0,"turns":12.0},{"damage":14.0,"enemies":"2 Thieves","floor":18.0,"turns":5.0},{"damage":0.0,"enemies":"Shell Parasite","floor":21.0,"turns":1.0},{"damage":23.0,"enemies":"Centurion and Healer","floor":22.0,"turns":5.0},{"damage":4.0,"enemies":"Book of Stabbing","floor":23.0,"turns":3.0},{"damage":1.0,"enemies":"Cultist and Chosen","floor":24.0,"turns":4.0},{"damage":56.0,"enemies":"Slavers","floor":25.0,"turns":18.0},{"damage":6,"enemies":"Shelled Parasite and Fungi","floor":27,"turns":2},{"damage":7,"enemies":"Masked Bandits","floor":28,"turns":3},{"damage":0,"enemies":"Sentry and Sphere","floor":29,"turns":2},{"damage":6,"enemies":"Centurion and Healer","floor":31,"turns":4},{"damage":30,"enemies":"Collector","floor":33,"turns":6},{"damage":5,"enemies":"Orb Walker","floor":35,"turns":3},{"damage":0,"enemies":"3 Darklings","floor":37,"turns":5},{"damage":0,"enemies":"Writhing Mass","floor":38,"turns":3},{"damage":0,"enemies":"Transient","floor":39,"turns":5},{"damage":47,"enemies":"Reptomancer","floor":42,"turns":7},{"damage":0,"enemies":"Jaw Worm Horde","floor":44,"turns":3},{"damage":40,"enemies":"Giant Head","floor":45,"turns":9},{"damage":0,"enemies":"Nemesis","floor":47,"turns":5},{"damage":33,"enemies":"Awakened One","floor":50,"turns":10}],"seed_played":"-4567217094737375302","potions_obtained":[{"floor":1.0,"key":"SneckoOil"},{"floor":2.0,"key":"EntropicBrew"},{"floor":12.0,"key":"FearPotion"},{"floor":16.0,"key":"HeartOfIron"},{"floor":18.0,"key":"LiquidMemories"},{"floor":29,"key":"SteroidPotion"},{"floor":33,"key":"Regen Potion"}],"is_trial":false,"path_per_floor":["M","M","?","M","?","R","E","M","T","E","$","M","R","M","R","B",null,"M","?","$","M","M","E","M","E","T","M","?","M","R","M","R","B",null,"M","$","M","M","M","R","?","E","T","M","E","R","E","?","R","B",null],"character_chosen":"IRONCLAD","items_purchased":["Incense Burner","Happy Flower","Strength Potion"],"campfire_rested":2,"item_purchase_floors":[11,36,36],"current_hp_per_floor":[74,75,75,75,75,75,19,11,11,8,8,15,38,38,38,27,68,61,61,61,68,52,55,61,12,12,13,13,20,20,21,48,25,75,77,77,84,91,96,96,91,51,51,58,42,42,55,55,55,33],"gold":171,"neow_bonus":"TRANSFORM_TWO_CARDS","is_prod":false,"is_daily":false,"chose_seed":false,"campfire_upgraded":5,"win_rate":0,"timestamp":1639439213,"path_taken":["M","M","?","M","?","R","E","M","T","E","$","?","R","M","R","BOSS","M","?","?","M","M","E","M","E","T","M","?","M","R","?","R","BOSS","M","$","M","M","M","R","?","E","T","M","E","R","E","?","R","BOSS"],"build_version":"2020-12-22","purchased_purges":3,"victory":true,"max_hp_per_floor":[75,75,75,75,75,75,76,77,77,78,78,79,79,80,80,81,81,82,82,82,83,84,85,86,87,87,88,89,90,90,91,91,92,92,93,93,94,95,96,96,91,92,92,93,96,96,99,99,99,100],"card_choices":[{"not_picked":["Warcry","Clothesline"],"picked":"Armaments","floor":1.0},{"not_picked":["Clash","Thunderclap"],"picked":"Clothesline","floor":2.0},{"not_picked":["Havoc","Wild Strike"],"picked":"Cleave","floor":4.0},{"not_picked":["Blood for Blood","Bludgeon","Headbutt"],"picked":"SKIP","floor":7.0},{"not_picked":["Body Slam","Sever Soul","Reckless Charge","Headbutt"],"picked":"SKIP","floor":8.0},{"not_picked":["Flex","Entrench","Double Tap"],"picked":"Disarm","floor":10.0},{"not_picked":["True Grit","Cleave","Iron Wave","Fire Breathing"],"picked":"SKIP","floor":12.0},{"not_picked":["Thunderclap","Flex","Pummel"],"picked":"Perfected Strike","floor":14.0},{"not_picked":["Fiend Fire","Corruption","Offering"],"picked":"Impervious","floor":16.0},{"not_picked":["Headbutt+1","Havoc","Seeing Red"],"picked":"Battle Trance+1","floor":18.0},{"not_picked":["Thunderclap","Clothesline","Clash"],"picked":"Perfected Strike+1","floor":21.0},{"not_picked":["Second Wind","Havoc","Sever Soul"],"picked":"Entrench+1","floor":22.0},{"not_picked":["Reckless Charge","Whirlwind","Hemokinesis","Seeing Red"],"picked":"SKIP","floor":23.0},{"not_picked":["Sword Boomerang+1","Whirlwind","Iron Wave"],"picked":"Warcry","floor":24.0},{"not_picked":["Whirlwind","Feed","Clash"],"picked":"Perfected Strike+1","floor":25.0},{"not_picked":["Dark Embrace","Pummel","Havoc","True Grit"],"picked":"SKIP","floor":27},{"not_picked":["Cleave+1","Havoc","Armaments"],"picked":"Shrug It Off","floor":28},{"not_picked":["Twin Strike","Anger+1","Burning Pact"],"picked":"Body Slam","floor":29},{"not_picked":["Flex+1","Bludgeon","Rupture"],"picked":"Wild Strike","floor":31},{"not_picked":["Immolate","Berserk","Fiend Fire"],"picked":"Barricade","floor":33},{"not_picked":["Cleave+1","Body Slam","Pommel Strike+1"],"picked":"Metallicize+1","floor":35},{"not_picked":["Wild Strike+1","Twin Strike+1","Searing Blow+1"],"picked":"Perfected Strike","floor":37},{"not_picked":["True Grit+1","Rage","Dual Wield"],"picked":"Corruption","floor":38},{"not_picked":["Body Slam","Dark Embrace","Sword Boomerang","Thunderclap"],"picked":"SKIP","floor":39},{"not_picked":["Battle Trance","Burning Pact","Sever Soul","Armaments"],"picked":"SKIP","floor":42},{"not_picked":["Evolve+1","Dropkick+1","Reckless Charge"],"picked":"Perfected Strike","floor":44},{"not_picked":["Inflame","Clash","Fire Breathing","Carnage+1"],"picked":"Singing Bowl","floor":45},{"not_picked":["Warcry+1","Rupture","Anger+1","Clothesline"],"picked":"Singing Bowl","floor":47},{"not_picked":["Flash of Steel","Purity","Swift Strike"],"picked":"PanicButton","floor":48}],"player_experience":456121,"relics_obtained":[{"floor":7.0,"key":"Question Card"},{"floor":9.0,"key":"HornCleat"},{"floor":10.0,"key":"StrikeDummy"},{"floor":23.0,"key":"War Paint"},{"floor":25.0,"key":"Du-Vu Doll"},{"floor":26.0,"key":"Sundial"},{"floor":28,"key":"Red Mask"},{"floor":42,"key":"Orichalcum"},{"floor":43,"key":"Singing Bowl"},{"floor":45,"key":"Magic Flower"},{"floor":47,"key":"Centennial Puzzle"}],"event_choices":[{"damage_healed":0.0,"max_hp_gain":0.0,"max_hp_loss":0.0,"gold_gain":175.0,"event_name":"Liars Game","player_choice":"AGREE","floor":3.0,"gold_loss":0.0,"damage_taken":0.0,"cards_obtained":["Doubt"]},{"damage_healed":0.0,"max_hp_gain":0.0,"max_hp_loss":0.0,"gold_gain":0.0,"event_name":"FaceTrader","player_choice":"Trade","floor":5.0,"gold_loss":0.0,"damage_taken":0.0,"relics_obtained":["FaceOfCleric"]},{"damage_healed":0.0,"max_hp_gain":0.0,"max_hp_loss":0.0,"gold_gain":0.0,"event_name":"Designer","player_choice":"Upgraded Two","floor":19.0,"gold_loss":40.0,"damage_taken":0.0,"cards_upgraded":["Fiend Fire","Perfected Strike"]},{"damage_healed":0,"gold_gain":0,"player_choice":"Fought Bandits","damage_taken":0,"max_hp_gain":0,"max_hp_loss":0,"event_name":"Masked Bandits","floor":28,"gold_loss":0},{"damage_healed":0,"gold_gain":0,"player_choice":"Max HP","damage_taken":0,"max_hp_gain":0,"max_hp_loss":5,"event_name":"Winding Halls","floor":41,"gold_loss":0},{"damage_healed":0,"gold_gain":0,"player_choice":"Memory 1","damage_taken":0,"max_hp_gain":0,"max_hp_loss":0,"event_name":"SensoryStone","floor":48,"gold_loss":0}],"is_beta":false,"boss_relics":[{"not_picked":["Philosopher\u0027s Stone","Black Blood"],"picked":"Snecko Eye"},{"not_picked":["Sozu","Astrolabe"],"picked":"Mark of Pain"}],"items_purged_floors":[11,20,36],"is_endless":false,"potions_floor_spawned":[1,2,12,16,18,23,25,29,33,39,42,44],"ascension_level":14}