{"gold_per_floor":[20,20,45,61,84,128,128,153,176,176,211,53,53,18,18,18],"floor_reached":16,"playtime":750,"items_purged":["Defend_R"],"score":198,"play_id":"5b0588f2-b406-4fac-9dde-bb080d51f65c","local_time":"20211217101418","is_ascension_mode":true,"campfire_choices":[{"floor":7,"key":"REST"},{"floor":10,"key":"REST"},{"data":"Bash","floor":13,"key":"SMITH"},{"data":"Shockwave","floor":15,"key":"SMITH"}],"neow_cost":"NO_GOLD","seed_source_timestamp":2459114592500,"circlet_count":0,"master_deck":["AscendersBane","Strike_R","Strike_R","Strike_R","Strike_R","Strike_R","Defend_R","Defend_R","Defend_R","Bash+1","Impervious","Shockwave+1","Iron Wave","Iron Wave","Pommel Strike","Corruption"],"relics":["Burning Blood","Golden Idol","Lantern","Art of War","Juzu Bracelet"],"potions_floor_usage":[16],"damage_taken":[{"damage":0,"enemies":"2 Louse","floor":1,"turns":4},{"damage":8,"enemies":"Small Slimes","floor":3,"turns":5},{"damage":16,"enemies":"Jaw Worm","floor":4,"turns":4},{"damage":6,"enemies":"2 Fungi Beasts","floor":5,"turns":5},{"damage":55,"enemies":"3 Sentries","floor":6,"turns":14},{"damage":14,"enemies":"Looter","floor":8,"turns":4},{"damage":32,"enemies":"Lagavulin","floor":11,"turns":8},{"damage":35,"enemies":"Slime Boss","floor":16,"turns":7}],"seed_played":"6759187282144997707","potions_obtained":[{"floor":4,"key":"Strength Potion"},{"floor":5,"key":"HeartOfIron"}],"is_trial":false,"path_per_floor":["M","?","M","M","M","E","R","M","T","R","E","$","R","?","R","B"],"character_chosen":"IRONCLAD","items_purchased":["Corruption"],"campfire_rested":2,"item_purchase_floors":[12],"current_hp_per_floor":[74,68,66,56,56,7,27,19,19,39,13,13,13,30,30,0],"gold":18,"neow_bonus":"THREE_RARE_CARDS","is_prod":false,"is_daily":false,"chose_seed":false,"campfire_upgraded":2,"win_rate":0,"timestamp":1639757658,"path_taken":["M","?","M","M","M","E","R","M","T","R","E","$","R","?","R","BOSS"],"build_version":"2020-12-22","purchased_purges":1,"victory":false,"max_hp_per_floor":[75,68,68,68,68,68,68,68,68,68,68,68,68,68,68,68],"card_choices":[{"not_picked":["Bludgeon","Berserk"],"picked":"Impervious","floor":0},{"not_picked":["Warcry","Dual Wield","Sever Soul"],"picked":"SKIP","floor":1},{"not_picked":["Dual Wield","Clothesline"],"picked":"Shockwave","floor":3},{"not_picked":["True Grit","Sentinel","Body Slam"],"picked":"SKIP","floor":4},{"not_picked":["True Grit","Inflame"],"picked":"Iron Wave","floor":5},{"not_picked":["Body Slam","Warcry","Havoc"],"picked":"SKIP","floor":6},{"not_picked":["Havoc","Bloodletting"],"picked":"Iron Wave","floor":8},{"not_picked":["Barricade","Heavy Blade"],"picked":"Pommel Strike","floor":11}],"player_experience":466318,"relics_obtained":[{"floor":6,"key":"Lantern"},{"floor":9,"key":"Art of War"},{"floor":11,"key":"Juzu Bracelet"}],"event_choices":[{"damage_healed":0,"gold_gain":0,"player_choice":"Lose Max HP","damage_taken":0,"relics_obtained":["Golden Idol"],"max_hp_gain":0,"max_hp_loss":7,"event_name":"Golden Idol","floor":2,"gold_loss":0},{"damage_healed":17,"gold_gain":0,"player_choice":"Healed","damage_taken":0,"max_hp_gain":0,"max_hp_loss":0,"event_name":"The Cleric","floor":14,"gold_loss":35}],"is_beta":false,"boss_relics":[],"items_purged_floors":[12],"is_endless":false,"potions_floor_spawned":[4,5],"killed_by":"Slime Boss","ascension_level":16}