{"gold_per_floor":[216,166,183,3,15,15,42,54,54,54,81,81,81,114,114,191,191,210,210,229,229,239,264,264,264,314,15,46,64,92,106,106,180,180,190,208,222,222,234,260,34,62,85,119,137,171,182,214,214,214,214,214,37,71,71],"floor_reached":56,"playtime":4243,"items_purged":["Writhe","Strike_R"],"score":2230,"play_id":"dd0c47ab-2d5a-4fbc-98ba-19407be2cbf2","local_time":"20211211163549","is_ascension_mode":true,"campfire_choices":[{"data":"Bash","floor":6,"key":"SMITH"},{"data":"Flame Barrier","floor":10,"key":"SMITH"},{"data":"Pummel","floor":15,"key":"SMITH"},{"data":"Sword Boomerang","floor":25,"key":"SMITH"},{"data":"Iron Wave","floor":32,"key":"SMITH"},{"floor":49,"key":"RECALL"},{"floor":52,"key":"REST"}],"neow_cost":"NONE","seed_source_timestamp":24244452655700,"circlet_count":0,"master_deck":["AscendersBane","Defend_R+1","Defend_R","Defend_R+1","Defend_R","Bash+1","Thunderclap","Anger","Flame Barrier+1","Cleave","Pummel+1","Reaper","Iron Wave+1","Power Through+1","Impervious+1","Burning Pact+1","Sword Boomerang+1","Warcry+1","Impervious+1","Shrug It Off+1","Offering+1","Shrug It Off+1","Disarm+1","Battle Trance+1","Exhume+1","Corruption","Shockwave+1","Pummel","Corruption","Feel No Pain"],"relics":["Burning Blood","Brimstone","Eternal Feather","Sundial","Toxic Egg 2","Dream Catcher","Velvet Choker","Bag of Preparation","Gremlin Horn","HornCleat","Dead Branch","Bronze Scales","Letter Opener","Fusion Hammer","MealTicket","War Paint","Oddly Smooth Stone","Potion Belt","Pantograph","Question Card","Bag of Marbles","Toy Ornithopter"],"potions_floor_usage":[18,55,55,55],"damage_taken":[{"damage":9,"enemies":"2 Louse","floor":1,"turns":3},{"damage":1,"enemies":"Cultist","floor":3,"turns":3},{"damage":5,"enemies":"Small Slimes","floor":5,"turns":3},{"damage":29,"enemies":"Gremlin Nob","floor":7,"turns":4},{"damage":10,"enemies":"Red Slaver","floor":8,"turns":2},{"damage":0,"enemies":"Lagavulin","floor":11,"turns":4},{"damage":0,"enemies":"Gremlin Nob","floor":14,"turns":2},{"damage":40,"enemies":"The Guardian","floor":16,"turns":10},{"damage":5,"enemies":"3 Byrds","floor":18,"turns":4},{"damage":8,"enemies":"2 Thieves","floor":20,"turns":3},{"damage":0,"enemies":"Snake Plant","floor":22,"turns":3},{"damage":10,"enemies":"Slavers","floor":23,"turns":4},{"damage":11,"enemies":"Gremlin Leader","floor":28,"turns":4},{"damage":6,"enemies":"Snecko","floor":29,"turns":3},{"damage":7,"enemies":"Book of Stabbing","floor":30,"turns":4},{"damage":0,"enemies":"Centurion and Healer","floor":31,"turns":4},{"damage":9,"enemies":"Champ","floor":33,"turns":6},{"damage":0,"enemies":"3 Darklings","floor":35,"turns":3},{"damage":3,"enemies":"3 Shapes","floor":36,"turns":2},{"damage":0,"enemies":"Transient","floor":37,"turns":5},{"damage":0,"enemies":"Sphere and 2 Shapes","floor":39,"turns":3},{"damage":6,"enemies":"Nemesis","floor":40,"turns":5},{"damage":0,"enemies":"Reptomancer","floor":42,"turns":3},{"damage":14,"enemies":"Giant Head","floor":44,"turns":6},{"damage":2,"enemies":"3 Darklings","floor":45,"turns":3},{"damage":6,"enemies":"Nemesis","floor":46,"turns":5},{"damage":0,"enemies":"Writhing Mass","floor":47,"turns":5},{"damage":3,"enemies":"Reptomancer","floor":48,"turns":3},{"damage":63,"enemies":"Time Eater","floor":50,"turns":7},{"damage":15,"enemies":"Shield and Spear","floor":54,"turns":5},{"damage":5,"enemies":"The Heart","floor":55,"turns":5}],"seed_played":"-8344425467914321335","potions_obtained":[{"floor":3,"key":"SkillPotion"},{"floor":5,"key":"HeartOfIron"},{"floor":8,"key":"Block Potion"},{"floor":22,"key":"HeartOfIron"},{"floor":45,"key":"Energy Potion"},{"floor":46,"key":"Dexterity Potion"}],"is_trial":false,"path_per_floor":["M","?","M","$","M","R","E","M","T","R","E","?","?","E","R","B",null,"M","T","M","?","M","E","?","R","T","$","E","M","E","M","R","B",null,"M","M","M","T","M","E","$","E","T","E","M","E","M","E","R","B",null,"R","$","E","B",null],"character_chosen":"IRONCLAD","items_purchased":["Brimstone","Anger","Dead Branch","Corruption","Shockwave+1","Feel No Pain"],"campfire_rested":1,"item_purchase_floors":[4,4,27,41,41,53],"current_hp_per_floor":[69,69,74,74,75,75,52,48,48,57,63,63,63,69,78,56,74,80,80,80,80,80,76,76,80,80,80,80,80,79,80,80,80,80,80,80,80,80,80,80,80,80,80,80,80,80,80,80,80,74,79,80,80,80,80],"gold":71,"neow_bonus":"HUNDRED_GOLD","is_prod":false,"is_daily":false,"chose_seed":false,"campfire_upgraded":5,"win_rate":0,"timestamp":1639262149,"path_taken":["M","?","M","$","M","R","E","M","T","R","E","?","?","E","R","BOSS","M","?","M","?","M","E","?","R","T","$","E","M","E","M","R","BOSS","M","M","?","?","M","E","$","E","T","E","M","E","M","E","R","BOSS","R","$","E","BOSS"],"build_version":"2020-12-22","purchased_purges":2,"victory":true,"max_hp_per_floor":[80,80,80,80,80,80,80,80,80,80,80,80,80,80,80,80,80,80,80,80,80,80,80,80,80,80,80,80,80,80,80,80,80,80,80,80,80,80,80,80,80,80,80,80,80,80,80,80,80,80,80,80,80,80,80],"card_choices":[{"not_picked":["Rupture","Wild Strike"],"picked":"Thunderclap","floor":1},{"not_picked":["True Grit","Body Slam","Evolve"],"picked":"SKIP","floor":3},{"not_picked":["Sever Soul","Fire Breathing"],"picked":"Flame Barrier","floor":5},{"not_picked":["Havoc","Spot Weakness"],"picked":"Cleave","floor":7},{"not_picked":["Cleave","Flex"],"picked":"Pummel","floor":8},{"not_picked":["Battle Trance+1","Rupture"],"picked":"Reaper","floor":11},{"not_picked":["Cleave","Clash"],"picked":"Power Through+1","floor":14},{"not_picked":["Limit Break+1","Feed"],"picked":"Impervious+1","floor":16},{"not_picked":["Seeing Red+1","Rage+1"],"picked":"Burning Pact+1","floor":18},{"not_picked":["True Grit+1","Clash"],"picked":"Sword Boomerang","floor":20},{"not_picked":["Heavy Blade","Clash"],"picked":"Warcry+1","floor":22},{"not_picked":["Clothesline","True Grit+1"],"picked":"Impervious+1","floor":23},{"not_picked":["Rupture","Armaments+1","Warcry+1"],"picked":"SKIP","floor":28},{"not_picked":["Thunderclap","Dual Wield+1"],"picked":"Shrug It Off+1","floor":29},{"not_picked":["Rampage","Iron Wave","Combust"],"picked":"SKIP","floor":30},{"not_picked":["Bloodletting+1","Headbutt","Heavy Blade"],"picked":"SKIP","floor":31},{"not_picked":["Feed","Immolate"],"picked":"Offering+1","floor":33},{"not_picked":["Rage+1","Havoc+1"],"picked":"Shrug It Off+1","floor":35},{"not_picked":["Heavy Blade","Metallicize"],"picked":"Disarm+1","floor":36},{"not_picked":["Warcry+1","Fire Breathing"],"picked":"Battle Trance+1","floor":37},{"not_picked":["Body Slam","Ghostly Armor+1","Evolve"],"picked":"SKIP","floor":39},{"not_picked":["Wild Strike","Seeing Red+1"],"picked":"Exhume+1","floor":40},{"not_picked":["Headbutt","Flex+1","Battle Trance+1"],"picked":"SKIP","floor":42},{"not_picked":["Demon Form","Cleave","Thunderclap"],"picked":"SKIP","floor":44},{"not_picked":["Shrug It Off+1","Warcry+1"],"picked":"Pummel","floor":45},{"not_picked":["Evolve+1","Spot Weakness+1","Heavy Blade"],"picked":"SKIP","floor":46},{"not_picked":["Second Wind+1","Entrench+1","Iron Wave","Wild Strike"],"picked":"SKIP","floor":47},{"not_picked":["Body Slam","Demon Form","Corruption","Heavy Blade"],"picked":"SKIP","floor":48},{"not_picked":["Body Slam","Demon Form","Heavy Blade"],"picked":"Corruption","floor":48},{"not_picked":["Headbutt","Flex+1","Fire Breathing","Sentinel+1"],"picked":"SKIP","floor":54}],"player_experience":438026,"relics_obtained":[{"floor":7,"key":"Eternal Feather"},{"floor":9,"key":"Sundial"},{"floor":11,"key":"Toxic Egg 2"},{"floor":14,"key":"Dream Catcher"},{"floor":19,"key":"Bag of Preparation"},{"floor":23,"key":"HornCleat"},{"floor":28,"key":"Bronze Scales"},{"floor":30,"key":"Letter Opener"},{"floor":38,"key":"MealTicket"},{"floor":40,"key":"War Paint"},{"floor":42,"key":"Oddly Smooth Stone"},{"floor":43,"key":"Potion Belt"},{"floor":44,"key":"Pantograph"},{"floor":46,"key":"Question Card"},{"floor":48,"key":"Bag of Marbles"},{"floor":54,"key":"Toy Ornithopter"}],"event_choices":[{"cards_removed":["Strike_R"],"damage_healed":0,"gold_gain":0,"player_choice":"Card Removal","damage_taken":0,"max_hp_gain":0,"max_hp_loss":0,"event_name":"The Cleric","floor":2,"gold_loss":50},{"damage_healed":0,"gold_gain":0,"cards_transformed":["Strike_R"],"player_choice":"Change","damage_taken":0,"max_hp_gain":0,"max_hp_loss":0,"event_name":"Living Wall","floor":12,"gold_loss":0,"cards_obtained":["Iron Wave"]},{"cards_removed":["Strike_R"],"damage_healed":0,"gold_gain":0,"player_choice":"Purged","damage_taken":0,"max_hp_gain":0,"max_hp_loss":0,"event_name":"Purifier","floor":13,"gold_loss":0},{"damage_healed":0,"gold_gain":0,"player_choice":"Opened","damage_taken":0,"relics_obtained":["Gremlin Horn"],"max_hp_gain":0,"max_hp_loss":0,"event_name":"The Mausoleum","floor":21,"gold_loss":0,"cards_obtained":["Writhe"]},{"cards_removed":["Strike_R"],"damage_healed":0,"gold_gain":0,"player_choice":"Purged","damage_taken":0,"max_hp_gain":0,"max_hp_loss":0,"event_name":"Purifier","floor":24,"gold_loss":0}],"is_beta":false,"boss_relics":[{"not_picked":["Ectoplasm","Pandora\u0027s Box"],"picked":"Velvet Choker"},{"not_picked":["Calling Bell","SlaversCollar"],"picked":"Fusion Hammer"}],"items_purged_floors":[41,53],"is_endless":false,"potions_floor_spawned":[3,5,8,16,22,23,28,35,36,37,45,46],"ascension_level":13}