{"gold_per_floor":[11,22,35,35,60,95,95,95,141,161,181,210,221,239,239,316,316,332,17,17,17,31,61,61,81,81,107,107,134,152,165,165,241,241,260,260,66,81,81,81,112,124,124,144,173,107,137,156,156,156,156,156,76,111,111],"floor_reached":55,"playtime":3653,"items_purged":["Strike_R","Defend_R"],"score":1572,"play_id":"06e7698c-32b3-4e65-972c-3352f3348558","local_time":"20211226103826","is_ascension_mode":true,"campfire_choices":[{"data":"Bash","floor":7.0,"key":"SMITH"},{"data":"Double Tap","floor":15.0,"key":"SMITH"},{"data":"Shrug It Off","floor":24.0,"key":"SMITH"},{"data":"True Grit","floor":28.0,"key":"SMITH"},{"data":"Entrench","floor":32.0,"key":"SMITH"},{"data":"Brutality","floor":40.0,"key":"SMITH"},{"floor":49.0,"key":"RECALL"},{"data":"Power Through","floor":52.0,"key":"SMITH"}],"neow_cost":"NO_GOLD","seed_source_timestamp":0,"circlet_count":0,"master_deck":["AscendersBane","Defend_R","Bash+1","True Grit+1","Flex","Clothesline","Twin Strike","Thunderclap","Feed+1","Body Slam+1","Pommel Strike+1","Pommel Strike+1","Double Tap+1","Barricade","Cleave+1","Feed+1","Bite+1","Bite+1","Bite+1","Bite+1","Bite+1","Shrug It Off+1","Ghostly Armor","Power Through+1","Shrug It Off","Entrench+1","Brutality+1","Shrug It Off","Good Instincts","Shockwave+1","Power Through+1","Shrug It Off","Shrug It Off","Metallicize","Fire Breathing","Entrench"],"special_seed":0,"relics":["Burning Blood","Ornamental Fan","Regal Pillow","Molten Egg 2","Akabeko","Singing Bowl","Mark of Pain","PreservedInsect","Tiny Chest","Pantograph","Question Card","Bronze Scales","Velvet Choker","Mercury Hourglass","MawBank","Lantern","Art of War"],"potions_floor_usage":[54,55],"damage_taken":[{"damage":0.0,"enemies":"Small Slimes","floor":1.0,"turns":3.0},{"damage":2.0,"enemies":"Jaw Worm","floor":2.0,"turns":3.0},{"damage":1.0,"enemies":"Cultist","floor":3.0,"turns":3.0},{"damage":23.0,"enemies":"Gremlin Nob","floor":6.0,"turns":5.0},{"damage":0.0,"enemies":"Exordium Wildlife","floor":10.0,"turns":2.0},{"damage":2.0,"enemies":"Blue Slaver","floor":11.0,"turns":3.0},{"damage":31.0,"enemies":"3 Sentries","floor":12.0,"turns":9.0},{"damage":0.0,"enemies":"3 Louse","floor":13.0,"turns":1.0},{"damage":9.0,"enemies":"Red Slaver","floor":14.0,"turns":2.0},{"damage":40.0,"enemies":"Hexaghost","floor":16.0,"turns":8.0},{"damage":19.0,"enemies":"Shell Parasite","floor":18.0,"turns":4.0},{"damage":9.0,"enemies":"3 Byrds","floor":22.0,"turns":3.0},{"damage":39.0,"enemies":"Book of Stabbing","floor":23.0,"turns":4.0},{"damage":0.0,"enemies":"Cultist and Chosen","floor":25.0,"turns":4.0},{"damage":1.0,"enemies":"Gremlin Leader","floor":27.0,"turns":4.0},{"damage":11.0,"enemies":"Slavers","floor":29.0,"turns":2.0},{"damage":0.0,"enemies":"Snecko","floor":30.0,"turns":2.0},{"damage":5.0,"enemies":"Chosen and Byrds","floor":31.0,"turns":4.0},{"damage":24.0,"enemies":"Champ","floor":33.0,"turns":16.0},{"damage":8.0,"enemies":"3 Darklings","floor":35.0,"turns":7.0},{"damage":0.0,"enemies":"3 Shapes","floor":38.0,"turns":2.0},{"damage":56.0,"enemies":"Giant Head","floor":41.0,"turns":9.0},{"damage":27.0,"enemies":"Writhing Mass","floor":42.0,"turns":7.0},{"damage":20.0,"enemies":"3 Darklings","floor":44.0,"turns":5.0},{"damage":26.0,"enemies":"Reptomancer","floor":45.0,"turns":6.0},{"damage":39.0,"enemies":"Nemesis","floor":47.0,"turns":7.0},{"damage":16.0,"enemies":"Maw","floor":48.0,"turns":7.0},{"damage":63.0,"enemies":"Time Eater","floor":50.0,"turns":15.0},{"damage":95,"enemies":"Shield and Spear","floor":54,"turns":8},{"damage":69,"enemies":"The Heart","floor":55,"turns":5}],"seed_played":"-7765952564526357455","potions_obtained":[{"floor":2.0,"key":"Regen Potion"},{"floor":3.0,"key":"Fire Potion"},{"floor":6.0,"key":"LiquidBronze"},{"floor":12.0,"key":"Dexterity Potion"},{"floor":29.0,"key":"Fire Potion"}],"is_trial":false,"path_per_floor":["M","M","M","?","T","E","R","?","T","M","M","E","M","M","R","B",null,"M","$","?","?","M","E","R","M","T","E","R","E","M","M","R","B",null,"M","?","$","M","?","R","E","M","T","M","E","$","E","M","R","B",null,"R","$","E","B"],"character_chosen":"IRONCLAD","items_purchased":["PreservedInsect","Feed+1","Good Instincts","Metallicize","Entrench"],"campfire_rested":0,"item_purchase_floors":[19,19,37,46,53],"current_hp_per_floor":[74,75,75,64,64,61,61,61,61,71,79,58,64,65,65,35,80,67,67,66,66,72,45,45,73,73,82,82,88,90,98,98,98,98,98,98,98,102,96,96,62,59,59,60,61,61,49,66,66,55,99,99,99,36,0],"gold":111,"neow_bonus":"TRANSFORM_TWO_CARDS","is_prod":false,"is_daily":false,"chose_seed":false,"campfire_upgraded":7,"win_rate":0,"timestamp":1640536706,"path_taken":["M","M","M","?","?","E","R","?","T","M","?","E","M","M","R","BOSS","M","$","?","?","M","E","R","M","T","E","R","E","M","M","R","BOSS","M","?","$","M","?","R","E","M","T","M","E","$","E","?","R","BOSS","R","$","E","BOSS"],"build_version":"2020-12-22","purchased_purges":2,"victory":false,"max_hp_per_floor":[75,75,75,75,75,75,75,75,75,79,83,87,87,91,91,95,95,95,95,66,66,72,72,72,82,82,82,82,90,90,98,98,98,98,98,98,98,102,102,102,102,102,102,102,108,108,108,114,114,114,114,114,114,116,116],"card_choices":[{"not_picked":["Body Slam","Hemokinesis"],"picked":"Clothesline","floor":1.0},{"not_picked":["Perfected Strike","Evolve"],"picked":"Twin Strike","floor":2.0},{"not_picked":["Clothesline","Iron Wave"],"picked":"Thunderclap","floor":3.0},{"not_picked":["Wild Strike+1","True Grit"],"picked":"Feed+1","floor":6.0},{"not_picked":["Warcry","Carnage+1"],"picked":"Pommel Strike+1","floor":10.0},{"not_picked":["True Grit","Thunderclap+1","Whirlwind+1"],"picked":"SKIP","floor":11.0},{"not_picked":["Anger+1","Sentinel"],"picked":"Clash+1","floor":12.0},{"not_picked":["Twin Strike+1","Infernal Blade"],"picked":"Pommel Strike+1","floor":13.0},{"not_picked":["Cleave+1","Havoc"],"picked":"Double Tap","floor":14.0},{"not_picked":["Fiend Fire+1","Juggernaut"],"picked":"Barricade","floor":16.0},{"not_picked":["Pummel+1","Flex"],"picked":"Cleave+1","floor":18.0},{"not_picked":["Wild Strike+1","Flex","Havoc"],"picked":"Singing Bowl","floor":22.0},{"not_picked":["Clash+1","Cleave+1"],"picked":"Shrug It Off","floor":23.0},{"not_picked":["Sword Boomerang+1","Iron Wave+1","Twin Strike+1"],"picked":"Singing Bowl","floor":25.0},{"not_picked":["Whirlwind+1","Inflame"],"picked":"Ghostly Armor","floor":27.0},{"not_picked":["Perfected Strike+1","Cleave+1","Wild Strike+1"],"picked":"Power Through","floor":29.0},{"not_picked":["Flex","Warcry","Juggernaut"],"picked":"Shrug It Off","floor":30.0},{"not_picked":["True Grit","Pommel Strike+1","Flex"],"picked":"Entrench","floor":31.0},{"not_picked":["Bludgeon+1","Reaper+1","Double Tap"],"picked":"Brutality","floor":33.0},{"not_picked":["Clothesline+1","Hemokinesis+1","Anger+1"],"picked":"Shrug It Off","floor":35.0},{"not_picked":["Havoc","Rage+1","Fiend Fire+1"],"picked":"Shockwave+1","floor":38.0},{"not_picked":["Sword Boomerang+1","Iron Wave+1","Shrug It Off+1"],"picked":"Power Through+1","floor":41.0},{"not_picked":["Flex","Wild Strike+1","Warcry+1"],"picked":"Shrug It Off","floor":42.0},{"not_picked":["Headbutt+1","Cleave+1","Power Through"],"picked":"Shrug It Off","floor":44.0},{"not_picked":["Ghostly Armor","Pommel Strike+1","Power Through","Warcry"],"picked":"Singing Bowl","floor":45.0},{"not_picked":["Sword Boomerang+1","Immolate+1","Anger+1"],"picked":"Fire Breathing","floor":47.0},{"not_picked":["Ghostly Armor+1","Sever Soul+1","Heavy Blade+1","Cleave+1"],"picked":"Singing Bowl","floor":48.0},{"not_picked":["Anger+1","Thunderclap+1","Reckless Charge+1","Uppercut+1"],"picked":"Singing Bowl","floor":54}],"player_experience":467068,"relics_obtained":[{"floor":5.0,"key":"Regal Pillow"},{"floor":6.0,"key":"Molten Egg 2"},{"floor":9.0,"key":"Akabeko"},{"floor":12.0,"key":"Singing Bowl"},{"floor":23.0,"key":"Tiny Chest"},{"floor":26.0,"key":"Pantograph"},{"floor":27.0,"key":"Question Card"},{"floor":29.0,"key":"Bronze Scales"},{"floor":41.0,"key":"Mercury Hourglass"},{"floor":45.0,"key":"MawBank"},{"floor":47.0,"key":"Lantern"},{"floor":54,"key":"Art of War"}],"event_choices":[{"damage_healed":0.0,"max_hp_gain":0.0,"max_hp_loss":0.0,"gold_gain":0.0,"event_name":"Scrap Ooze","player_choice":"Success","floor":4.0,"gold_loss":0.0,"damage_taken":11.0,"relics_obtained":["Ornamental Fan"]},{"damage_healed":0.0,"max_hp_gain":0.0,"max_hp_loss":0.0,"gold_gain":0.0,"cards_transformed":["Defend_R"],"event_name":"Transmorgrifier","player_choice":"Transformed","floor":8.0,"gold_loss":0.0,"damage_taken":0.0,"cards_obtained":["Body Slam"]},{"damage_healed":0.0,"max_hp_gain":0.0,"max_hp_loss":29.0,"gold_gain":0.0,"event_name":"Vampires","player_choice":"Became a vampire","floor":20.0,"gold_loss":0.0,"damage_taken":0.0,"cards_obtained":["Bite","Bite","Bite","Bite","Bite"]},{"cards_removed":["Defend_R"],"damage_healed":0.0,"max_hp_gain":0.0,"max_hp_loss":0.0,"gold_gain":0.0,"event_name":"Back to Basics","player_choice":"Elegance","floor":21.0,"gold_loss":0.0,"damage_taken":0.0},{"cards_removed":["Clash"],"damage_healed":0.0,"max_hp_gain":0.0,"max_hp_loss":0.0,"gold_gain":0.0,"event_name":"Falling","player_choice":"Removed Attack","floor":36.0,"gold_loss":0.0,"damage_taken":0.0},{"damage_healed":0.0,"max_hp_gain":0.0,"max_hp_loss":0.0,"gold_gain":0.0,"event_name":"The Woman in Blue","player_choice":"Bought 0 Potions","floor":39.0,"gold_loss":0.0,"damage_taken":0.0}],"is_beta":false,"boss_relics":[{"not_picked":["Sozu","Runic Dome"],"picked":"Mark of Pain"},{"not_picked":["Empty Cage","Runic Cube"],"picked":"Velvet Choker"}],"items_purged_floors":[19,37],"is_endless":false,"potions_floor_spawned":[2,3,6,12,13,22,23,25,29,42,44,45,47],"killed_by":"The Heart","ascension_level":16}