{"gold_per_floor":[113,113,113,23,39,65,80,112,112,122,122,135,163,173,173,173],"floor_reached":16,"playtime":772,"items_purged":[],"score":226,"play_id":"ee862a15-1eac-4cab-85a8-1846edc5689c","local_time":"20211226152442","is_ascension_mode":true,"campfire_choices":[{"floor":11,"key":"REST"},{"floor":15,"key":"REST"}],"neow_cost":"NONE","seed_source_timestamp":20340242716100,"circlet_count":0,"master_deck":["AscendersBane","Strike_R","Strike_R","Strike_R","Strike_R","Defend_R","Defend_R","Defend_R","Defend_R","Bash+1","Shrug It Off+1","Carnage","Iron Wave","Clash","Entrench","Entrench+1","Bloodletting+1","Entrench+1","Flex+1"],"relics":["Burning Blood","MealTicket","Ornamental Fan","Toxic Egg 2","Boot"],"potions_floor_usage":[10],"damage_taken":[{"damage":9,"enemies":"Jaw Worm","floor":1,"turns":3},{"damage":0,"enemies":"Small Slimes","floor":5,"turns":4},{"damage":35,"enemies":"3 Sentries","floor":6,"turns":10},{"damage":0,"enemies":"Cultist","floor":7,"turns":3},{"damage":29,"enemies":"Lagavulin","floor":8,"turns":8},{"damage":10,"enemies":"Gremlin Gang","floor":10,"turns":4},{"damage":3,"enemies":"2 Fungi Beasts","floor":12,"turns":4},{"damage":33,"enemies":"3 Sentries","floor":13,"turns":10},{"damage":0,"enemies":"Large Slime","floor":14,"turns":4},{"damage":55,"enemies":"Slime Boss","floor":16,"turns":8}],"seed_played":"2296352630920394214","potions_obtained":[{"floor":5,"key":"Dexterity Potion"},{"floor":6,"key":"Energy Potion"},{"floor":12,"key":"FearPotion"}],"is_trial":false,"path_per_floor":["M","?","?","$","M","E","M","E","T","M","R","M","E","M","R","B"],"character_chosen":"IRONCLAD","items_purchased":["Carnage"],"campfire_rested":2,"item_purchase_floors":[4],"current_hp_per_floor":[65,65,65,65,71,42,48,25,25,21,43,46,19,25,47,0],"gold":173,"neow_bonus":"UPGRADE_CARD","is_prod":false,"is_daily":false,"chose_seed":false,"campfire_upgraded":0,"win_rate":0,"timestamp":1640553882,"path_taken":["M","?","?","$","M","E","?","E","T","M","R","M","E","M","R","BOSS"],"build_version":"2020-12-22","purchased_purges":0,"victory":false,"max_hp_per_floor":[75,75,75,75,75,75,75,75,75,75,75,75,75,75,75,75],"card_choices":[{"not_picked":["Body Slam","Iron Wave"],"picked":"Shrug It Off","floor":1},{"not_picked":["Blood for Blood","Carnage"],"picked":"Iron Wave","floor":5},{"not_picked":["Wild Strike","Demon Form"],"picked":"Clash","floor":6},{"not_picked":["Whirlwind","Heavy Blade"],"picked":"Entrench","floor":7},{"not_picked":["Sword Boomerang","Sentinel","Armaments"],"picked":"SKIP","floor":8},{"not_picked":["Havoc+1","Wild Strike"],"picked":"Entrench+1","floor":10},{"not_picked":["Searing Blow","Headbutt"],"picked":"Bloodletting+1","floor":12},{"not_picked":["Body Slam","Cleave"],"picked":"Entrench+1","floor":13},{"not_picked":["Searing Blow","Twin Strike"],"picked":"Flex+1","floor":14}],"player_experience":470721,"relics_obtained":[{"floor":6,"key":"MealTicket"},{"floor":8,"key":"Ornamental Fan"},{"floor":9,"key":"Toxic Egg 2"},{"floor":13,"key":"Boot"}],"event_choices":[{"cards_removed":["Strike_R"],"damage_healed":0,"gold_gain":0,"player_choice":"Forget","damage_taken":0,"max_hp_gain":0,"max_hp_loss":0,"event_name":"Living Wall","floor":2,"gold_loss":0},{"damage_healed":0,"gold_gain":0,"player_choice":"Upgraded","damage_taken":0,"max_hp_gain":0,"max_hp_loss":0,"event_name":"Upgrade Shrine","floor":3,"gold_loss":0,"cards_upgraded":["Shrug It Off"]}],"is_beta":false,"boss_relics":[],"items_purged_floors":[],"is_endless":false,"potions_floor_spawned":[5,6,8,12,13],"killed_by":"Slime Boss","ascension_level":17}