{"gold_per_floor":[119,134,150,5,22,50,50,62,62,62,62,94,94,105,105,205,205,216,315,13,27,43,73,73,106,152,152,252,252,252,252,252,357,357,367,378,389,389,19,30,45,45,95,115,135,135,153,2,2,2],"floor_reached":51,"playtime":6304,"items_purged":["Strike_G"],"score":649,"play_id":"bea55ccb-8a00-4558-aa87-d47f672b3deb","local_time":"20201003140604","is_ascension_mode":false,"campfire_choices":[{"data":"After Image","floor":7,"key":"SMITH"},{"data":"Finisher","floor":11,"key":"SMITH"},{"data":"A Thousand Cuts","floor":13,"key":"SMITH"},{"data":"Blade Dance","floor":15,"key":"SMITH"},{"data":"Backflip","floor":24,"key":"SMITH"},{"floor":29,"key":"REST"},{"data":"Defend_G","floor":32,"key":"SMITH"},{"floor":42,"key":"REST"},{"floor":46,"key":"REST"},{"data":"Defend_G","floor":49,"key":"SMITH"}],"neow_cost":"TEN_PERCENT_HP_LOSS","seed_source_timestamp":2359858883800,"circlet_count":0,"master_deck":["Strike_G","Strike_G","Strike_G","Strike_G","Defend_G","Defend_G","Defend_G","Defend_G+1","Defend_G+1","Survivor","Neutralize","Dagger Spray","Riddle With Holes","Flying Knee","Finisher+1","Endless Agony","After Image+1","Endless Agony","Well Laid Plans","Slice","Infinite Blades","Backflip+1","A Thousand Cuts+1","Blade Dance+1","A Thousand Cuts","Caltrops","Backflip+1","Blade Dance+1","Backstab","Leg Sweep+1","Footwork","Backflip+1","PiercingWail","Endless Agony+1"],"relics":["Ring of the Snake","FossilizedHelix","Orrery","Shuriken","Pantograph","Blood Vial","Black Star","Anchor","Torii","Ginger","Bag of Marbles","Omamori","MealTicket","Orichalcum","TungstenRod","Matryoshka","Potion Belt","SlaversCollar","Pear","Regal Pillow","Strawberry","Vajra"],"potions_floor_usage":[25,25,35,40,41,50],"damage_taken":[{"damage":0,"enemies":"2 Louse","floor":1,"turns":2},{"damage":0,"enemies":"Jaw Worm","floor":2,"turns":4},{"damage":0,"enemies":"Small Slimes","floor":3,"turns":3},{"damage":0,"enemies":"Blue Slaver","floor":5,"turns":2},{"damage":12,"enemies":"Lagavulin","floor":6,"turns":7},{"damage":0,"enemies":"Large Slime","floor":8,"turns":4},{"damage":2,"enemies":"3 Sentries","floor":12,"turns":4},{"damage":5,"enemies":"3 Louse","floor":14,"turns":2},{"damage":25,"enemies":"Hexaghost","floor":16,"turns":8},{"damage":0,"enemies":"Spheric Guardian","floor":18,"turns":3},{"damage":5,"enemies":"Shell Parasite","floor":21,"turns":4},{"damage":19,"enemies":"Centurion and Healer","floor":22,"turns":5},{"damage":24,"enemies":"Gremlin Leader","floor":23,"turns":8},{"damage":1,"enemies":"Slavers","floor":25,"turns":5},{"damage":13,"enemies":"Colosseum Slavers","floor":28,"turns":3},{"damage":20,"enemies":"Colosseum Nobs","floor":28,"turns":5},{"damage":34,"enemies":"Collector","floor":33,"turns":7},{"damage":0,"enemies":"3 Darklings","floor":35,"turns":7},{"damage":17,"enemies":"Orb Walker","floor":36,"turns":4},{"damage":45,"enemies":"Maw","floor":37,"turns":8},{"damage":4,"enemies":"4 Shapes","floor":40,"turns":6},{"damage":16,"enemies":"Transient","floor":41,"turns":5},{"damage":0,"enemies":"Maw","floor":44,"turns":7},{"damage":9,"enemies":"Jaw Worm Horde","floor":45,"turns":4},{"damage":9,"enemies":"Spire Growth","floor":47,"turns":7},{"damage":54,"enemies":"Time Eater","floor":50,"turns":12}],"seed_played":"-8235398650276358848","potions_obtained":[{"floor":5,"key":"AttackPotion"},{"floor":6,"key":"Regen Potion"},{"floor":12,"key":"FairyPotion"},{"floor":18,"key":"Poison Potion"},{"floor":33,"key":"CunningPotion"},{"floor":35,"key":"SteroidPotion"},{"floor":37,"key":"Poison Potion"},{"floor":40,"key":"LiquidBronze"},{"floor":47,"key":"Explosive Potion"}],"is_trial":false,"path_per_floor":["M","M","M","$","M","E","R","M","T","?","R","E","R","M","R","B",null,"M","?","$","M","M","E","R","E","T","?","?","R","?","?","R","B",null,"M","M","M","?","$","M","M","R","T","M","M","R","M","$","R","B",null],"character_chosen":"THE_SILENT","items_purchased":["Orrery","Anchor","CunningPotion","Caltrops","Pear","PiercingWail","Vajra"],"campfire_rested":3,"item_purchase_floors":[4,20,20,20,39,39,48],"current_hp_per_floor":[63,63,63,63,63,51,51,51,51,51,51,49,49,46,46,38,63,63,63,63,58,41,19,19,34,34,34,5,23,44,44,44,29,63,63,46,3,3,28,26,12,33,40,42,35,74,67,80,80,26],"gold":2,"neow_bonus":"ONE_RARE_RELIC","is_prod":false,"is_daily":false,"chose_seed":false,"campfire_upgraded":7,"win_rate":0.0,"timestamp":1601751964,"path_taken":["M","M","M","$","M","E","R","M","T","?","R","E","R","M","R","BOSS","M","?","$","M","M","E","R","E","T","?","?","R","?","?","R","BOSS","M","M","M","?","$","M","?","R","T","M","M","R","M","$","R","BOSS"],"build_version":"2020-07-30","purchased_purges":1,"victory":true,"max_hp_per_floor":[63,63,63,63,63,63,63,63,63,63,63,63,63,63,63,63,63,63,63,63,63,63,63,63,63,63,63,63,63,63,63,63,63,63,63,63,63,63,73,73,73,73,80,80,80,80,80,80,80,80],"card_choices":[{"not_picked":["Slice","Flying Knee"],"picked":"Dagger Spray","floor":1},{"not_picked":["Well Laid Plans","Sucker Punch"],"picked":"Riddle With Holes","floor":2},{"not_picked":["Sucker Punch","Distraction"],"picked":"Flying Knee","floor":3},{"not_picked":["Masterful Stab","Heel Hook"],"picked":"Finisher","floor":4},{"not_picked":["Dodge and Roll","Deflect"],"picked":"Endless Agony","floor":4},{"not_picked":["Endless Agony","Flying Knee"],"picked":"After Image","floor":4},{"not_picked":["Underhanded Strike","Eviscerate"],"picked":"Endless Agony","floor":4},{"not_picked":["Dodge and Roll","Dagger Spray"],"picked":"Well Laid Plans","floor":4},{"not_picked":["Underhanded Strike","Sucker Punch"],"picked":"Slice","floor":5},{"not_picked":["Blade Dance","Tactician"],"picked":"Infinite Blades","floor":6},{"not_picked":["Finisher","Outmaneuver"],"picked":"Backflip","floor":8},{"not_picked":["Deadly Poison","Riddle With Holes"],"picked":"A Thousand Cuts","floor":12},{"not_picked":["Escape Plan","Backflip"],"picked":"Blade Dance","floor":14},{"not_picked":["Venomology","After Image"],"picked":"A Thousand Cuts","floor":16},{"not_picked":["Quick Slash","Escape Plan","Dagger Throw"],"picked":"SKIP","floor":18},{"not_picked":["Deadly Poison","Expertise+1","After Image"],"picked":"SKIP","floor":21},{"not_picked":["Endless Agony+1","Eviscerate"],"picked":"Backflip+1","floor":22},{"not_picked":["Deadly Poison","Escape Plan+1"],"picked":"Blade Dance+1","floor":23},{"not_picked":["Infinite Blades","Flying Knee","Escape Plan"],"picked":"SKIP","floor":25},{"not_picked":["Eviscerate","Infinite Blades+1"],"picked":"Backstab","floor":28},{"not_picked":["Outmaneuver","Dagger Spray"],"picked":"Leg Sweep+1","floor":35},{"not_picked":["Slice","Dagger Spray+1"],"picked":"Footwork","floor":36},{"not_picked":["Calculated Gamble+1","Masterful Stab","Quick Slash+1"],"picked":"SKIP","floor":37},{"not_picked":["Choke","Riddle With Holes+1","Outmaneuver+1"],"picked":"SKIP","floor":40},{"not_picked":["Skewer+1","Prepared"],"picked":"Endless Agony+1","floor":41},{"not_picked":["Blade Dance","Dagger Spray","Tactician"],"picked":"SKIP","floor":44},{"not_picked":["Well Laid Plans","Outmaneuver+1","Acrobatics+1"],"picked":"SKIP","floor":45},{"not_picked":["Deadly Poison","Eviscerate+1","Caltrops+1"],"picked":"SKIP","floor":47}],"player_experience":41423,"relics_obtained":[{"floor":6,"key":"Shuriken"},{"floor":9,"key":"Pantograph"},{"floor":12,"key":"Blood Vial"},{"floor":23,"key":"Torii"},{"floor":23,"key":"Ginger"},{"floor":25,"key":"Bag of Marbles"},{"floor":25,"key":"Omamori"},{"floor":26,"key":"MealTicket"},{"floor":28,"key":"TungstenRod"},{"floor":28,"key":"Matryoshka"},{"floor":43,"key":"Regal Pillow"},{"floor":43,"key":"Strawberry"}],"event_choices":[{"damage_healed":0,"gold_gain":0,"player_choice":"Ignored","damage_taken":0,"max_hp_gain":0,"max_hp_loss":0,"event_name":"Liars Game","floor":10,"gold_loss":0},{"damage_healed":0,"gold_gain":99,"player_choice":"Stole From Cult","damage_taken":0,"max_hp_gain":0,"max_hp_loss":0,"event_name":"Nest","floor":19,"gold_loss":0},{"damage_healed":0,"gold_gain":0,"player_choice":"Stole Relic","damage_taken":0,"relics_obtained":["Orichalcum"],"max_hp_gain":0,"max_hp_loss":0,"event_name":"Addict","floor":27,"gold_loss":0,"cards_obtained":["Shame"]},{"damage_healed":0,"gold_gain":0,"player_choice":"Fight","damage_taken":0,"max_hp_gain":0,"max_hp_loss":0,"event_name":"Colosseum","floor":28,"gold_loss":0},{"damage_healed":0,"gold_gain":0,"player_choice":"Fought Nobs","damage_taken":0,"max_hp_gain":0,"max_hp_loss":0,"event_name":"Colosseum","floor":28,"gold_loss":0},{"damage_healed":21,"gold_gain":0,"player_choice":"Heal","damage_taken":0,"max_hp_gain":0,"max_hp_loss":0,"event_name":"The Library","floor":30,"gold_loss":0},{"damage_healed":0,"gold_gain":0,"player_choice":"Opened","damage_taken":0,"relics_obtained":["Potion Belt"],"max_hp_gain":0,"max_hp_loss":0,"event_name":"The Mausoleum","floor":31,"gold_loss":0},{"damage_healed":0,"gold_gain":0,"player_choice":"Copied","damage_taken":0,"max_hp_gain":0,"max_hp_loss":0,"event_name":"Duplicator","floor":38,"gold_loss":0,"cards_obtained":["Backflip"]}],"is_beta":false,"boss_relics":[{"not_picked":["Fusion Hammer","Ring of the Serpent"],"picked":"Black Star"},{"not_picked":["Velvet Choker","Snecko Eye"],"picked":"SlaversCollar"}],"items_purged_floors":[39],"is_endless":false,"potions_floor_spawned":[5,6,12,18,28,33,35,37,40,47],"ascension_level":0}