{"gold_per_floor":[109,129,129,129,144,169,169,179,249,269,283,283,283,233,233,334,334,351,13,13,27,27,54,54,86,86,59,59,86,105,120,120,219,219,232,243,243,257,257,257,257,257,257,286,296,73,91,91],"floor_reached":48,"playtime":6991,"items_purged":[],"score":595,"play_id":"ab76520a-fb55-439f-a014-4435668f3d64","local_time":"20201001232236","is_ascension_mode":false,"campfire_choices":[{"floor":7.0,"key":"REST"},{"data":"Blade Dance","floor":12.0,"key":"SMITH"},{"data":"Finisher","floor":15.0,"key":"SMITH"},{"data":"Noxious Fumes","floor":24.0,"key":"SMITH"},{"floor":28.0,"key":"REST"},{"floor":32.0,"key":"REST"},{"floor":40.0,"key":"REST"},{"data":"Envenom","floor":42.0,"key":"SMITH"}],"neow_cost":"NONE","seed_source_timestamp":14626468999500,"circlet_count":0,"master_deck":["Strike_G+1","Strike_G+1","Defend_G","Defend_G","Defend_G+1","Defend_G+1","Survivor","Neutralize","Blade Dance","Blade Dance+1","PiercingWail","Dagger Spray","Flying Knee","Dodge and Roll","Finisher+1","Backflip","Envenom+1","Noxious Fumes+1","Crippling Poison","Riddle With Holes","Corpse Explosion","Leg Sweep","Parasite","Deadly Poison","Backflip+1","Deflect+1","Well Laid Plans","Night Terror","Slice+1","Infinite Blades","Pain","Catalyst+1","Writhe","Poisoned Stab+1","Infinite Blades+1","Deadly Poison"],"special_seed":0,"relics":["Ring of the Snake","Ginger","Whetstone","Pear","Darkstone Periapt","Cursed Key","Paper Crane","Pen Nib","Regal Pillow","Sundial","Torii","Philosopher\u0027s Stone","Vajra","InkBottle","Frozen Egg 2","Strange Spoon"],"potions_floor_usage":[48],"damage_taken":[{"damage":0.0,"enemies":"Cultist","floor":1.0,"turns":3.0},{"damage":0.0,"enemies":"Small Slimes","floor":2.0,"turns":4.0},{"damage":1.0,"enemies":"Jaw Worm","floor":5.0,"turns":4.0},{"damage":20.0,"enemies":"3 Sentries","floor":6.0,"turns":9.0},{"damage":0.0,"enemies":"Large Slime","floor":8.0,"turns":4.0},{"damage":0.0,"enemies":"Exordium Wildlife","floor":10.0,"turns":3.0},{"damage":0.0,"enemies":"2 Fungi Beasts","floor":11.0,"turns":2.0},{"damage":18.0,"enemies":"Hexaghost","floor":16.0,"turns":12.0},{"damage":0.0,"enemies":"3 Byrds","floor":18.0,"turns":4.0},{"damage":9.0,"enemies":"Chosen","floor":21.0,"turns":5.0},{"damage":24.0,"enemies":"Book of Stabbing","floor":23.0,"turns":6.0},{"damage":23.0,"enemies":"Slavers","floor":25.0,"turns":5.0},{"damage":8.0,"enemies":"Gremlin Leader","floor":29.0,"turns":6.0},{"damage":2.0,"enemies":"Snake Plant","floor":30.0,"turns":4.0},{"damage":23.0,"enemies":"Shelled Parasite and Fungi","floor":31.0,"turns":5.0},{"damage":40.0,"enemies":"Collector","floor":33.0,"turns":7.0},{"damage":8.0,"enemies":"3 Darklings","floor":35.0,"turns":5.0},{"damage":33.0,"enemies":"3 Shapes","floor":36.0,"turns":5.0},{"damage":7.0,"enemies":"3 Darklings","floor":38.0,"turns":6.0},{"damage":11.0,"enemies":"Giant Head","floor":44.0,"turns":3.0},{"damage":6.0,"enemies":"Sphere and 2 Shapes","floor":45.0,"turns":3.0},{"damage":35.0,"enemies":"Spire Growth","floor":47.0,"turns":5.0},{"damage":43,"enemies":"Jaw Worm Horde","floor":48,"turns":3}],"seed_played":"1792033335964738281","potions_obtained":[{"floor":2.0,"key":"SmokeBomb"},{"floor":11.0,"key":"SteroidPotion"},{"floor":21.0,"key":"Energy Potion"},{"floor":29.0,"key":"Explosive Potion"},{"floor":31.0,"key":"Ancient Potion"},{"floor":36.0,"key":"Ancient Potion"},{"floor":44.0,"key":"Swift Potion"},{"floor":45.0,"key":"Dexterity Potion"}],"is_trial":false,"path_per_floor":["M","M","?","?","M","E","R","M","T","M","M","R","T","?","R","B",null,"M","$","?","M","?","E","R","E","T","$","R","E","M","M","R","B",null,"M","M","T","M","?","R","?","R","T","E","M","$","M","M"],"character_chosen":"THE_SILENT","items_purchased":["Paper Crane","Crippling Poison","Deadly Poison","Strange Spoon","Infinite Blades+1"],"campfire_rested":4,"item_purchase_floors":[19,19,27,46,46],"current_hp_per_floor":[70,70,56,49,48,28,49,49,59,59,59,59,59,59,59,41,80,80,80,80,71,71,47,47,24,30,30,70,62,60,37,77,37,86,78,45,51,44,44,86,86,86,92,81,75,75,40,0],"gold":91,"neow_bonus":"TRANSFORM_CARD","is_prod":false,"is_daily":false,"chose_seed":false,"campfire_upgraded":4,"win_rate":0.0,"timestamp":1601612556,"path_taken":["M","M","?","?","M","E","R","M","T","M","M","R","?","?","R","BOSS","M","$","?","M","?","E","R","E","T","$","R","E","M","M","R","BOSS","M","?","?","M","?","R","?","R","T","E","M","$","?","M"],"build_version":"2020-07-30","purchased_purges":0,"victory":false,"max_hp_per_floor":[70,70,70,70,70,70,70,70,80,80,80,80,80,80,80,80,80,80,80,80,80,80,80,80,80,86,86,86,86,86,86,86,86,86,86,86,92,92,92,92,92,92,98,98,98,98,98,98],"card_choices":[{"not_picked":["Poisoned Stab","Deadly Poison"],"picked":"Blade Dance","floor":1.0},{"not_picked":["Dagger Throw","Unload"],"picked":"PiercingWail","floor":2.0},{"not_picked":["Sucker Punch","Escape Plan"],"picked":"Dagger Spray","floor":5.0},{"not_picked":["Dagger Spray","Unload"],"picked":"Flying Knee","floor":6.0},{"not_picked":["Outmaneuver","Backflip"],"picked":"Dodge and Roll","floor":8.0},{"not_picked":["Eviscerate","Flechettes"],"picked":"Finisher","floor":10.0},{"not_picked":["Quick Slash","Tactician"],"picked":"Backflip","floor":11.0},{"not_picked":["Die Die Die","After Image"],"picked":"Envenom","floor":16.0},{"not_picked":["Quick Slash","Endless Agony+1"],"picked":"Noxious Fumes","floor":18.0},{"not_picked":["Calculated Gamble","Reflex"],"picked":"Riddle With Holes","floor":21.0},{"not_picked":["Deflect","Noxious Fumes"],"picked":"Corpse Explosion","floor":23.0},{"not_picked":["Sucker Punch","Backflip"],"picked":"Leg Sweep","floor":25.0},{"not_picked":["Dagger Throw","Bane"],"picked":"Backflip+1","floor":29.0},{"not_picked":["Prepared","Outmaneuver"],"picked":"Deflect+1","floor":30.0},{"not_picked":["All Out Attack+1","Flying Knee"],"picked":"Well Laid Plans","floor":31.0},{"not_picked":["Glass Knife","Adrenaline"],"picked":"Night Terror","floor":33.0},{"not_picked":["Flying Knee+1","Prepared"],"picked":"Slice+1","floor":35.0},{"not_picked":["Endless Agony+1","Deadly Poison"],"picked":"Infinite Blades","floor":36.0},{"not_picked":["Footwork+1","Dagger Spray+1"],"picked":"Catalyst+1","floor":38.0},{"not_picked":["Acrobatics+1","Dodge and Roll","Underhanded Strike"],"picked":"SKIP","floor":44.0},{"not_picked":["Malaise","Outmaneuver+1"],"picked":"Poisoned Stab+1","floor":45.0},{"not_picked":["Underhanded Strike+1","Escape Plan+1"],"picked":"Deadly Poison","floor":47}],"player_experience":34432,"relics_obtained":[{"floor":6.0,"key":"Whetstone"},{"floor":9.0,"key":"Pear"},{"floor":13.0,"key":"Darkstone Periapt"},{"floor":23.0,"key":"Pen Nib"},{"floor":25.0,"key":"Regal Pillow"},{"floor":26.0,"key":"Sundial"},{"floor":29.0,"key":"Torii"},{"floor":37.0,"key":"Vajra"},{"floor":43.0,"key":"InkBottle"},{"floor":44.0,"key":"Frozen Egg 2"}],"event_choices":[{"damage_healed":0.0,"max_hp_gain":0.0,"max_hp_loss":0.0,"gold_gain":0.0,"event_name":"Shining Light","player_choice":"Entered Light","floor":3.0,"gold_loss":0.0,"damage_taken":14.0,"cards_upgraded":["Defend_G","Defend_G"]},{"damage_healed":0.0,"max_hp_gain":0.0,"max_hp_loss":0.0,"gold_gain":0.0,"event_name":"Scrap Ooze","player_choice":"Success","floor":4.0,"gold_loss":0.0,"damage_taken":7.0,"relics_obtained":["Ginger"]},{"cards_removed":["Strike_G"],"damage_healed":0.0,"max_hp_gain":0.0,"max_hp_loss":0.0,"gold_gain":0.0,"event_name":"The Cleric","player_choice":"Card Removal","floor":14.0,"gold_loss":50.0,"damage_taken":0.0},{"damage_healed":0.0,"max_hp_gain":0.0,"max_hp_loss":0.0,"gold_gain":0.0,"event_name":"Ghosts","player_choice":"Ignored","floor":20.0,"gold_loss":0.0,"damage_taken":0.0},{"cards_removed":["Strike_G"],"damage_healed":0.0,"max_hp_gain":0.0,"max_hp_loss":0.0,"gold_gain":0.0,"event_name":"Purifier","player_choice":"Purged","floor":22.0,"gold_loss":0.0,"damage_taken":0.0},{"damage_healed":0.0,"max_hp_gain":0.0,"max_hp_loss":0.0,"gold_gain":0.0,"event_name":"SensoryStone","player_choice":"Memory 1","floor":39.0,"gold_loss":0.0,"damage_taken":0.0},{"cards_removed":["Defend_G"],"damage_healed":0.0,"max_hp_gain":0.0,"max_hp_loss":0.0,"gold_gain":0.0,"event_name":"Purifier","player_choice":"Purged","floor":41.0,"gold_loss":0.0,"damage_taken":0.0}],"is_beta":false,"boss_relics":[{"not_picked":["Black Star","SacredBark"],"picked":"Cursed Key"},{"not_picked":["Empty Cage","Sozu"],"picked":"Philosopher\u0027s Stone"}],"items_purged_floors":[],"is_endless":false,"potions_floor_spawned":[2,11,21,29,31,36,44,45],"killed_by":"Jaw Worm Horde","ascension_level":0}