{"gold_per_floor":[113,129,129,404,418,418,457,457,484,484,503,503,519,560,560,683,683,704,704,729,748,748,748],"floor_reached":23,"playtime":1197,"items_purged":[],"score":251,"play_id":"afa8fafc-f866-4826-879f-da00e755e204","local_time":"20211211170128","is_ascension_mode":true,"campfire_choices":[{"data":"Backflip","floor":6,"key":"SMITH"},{"data":"Wraith Form v2","floor":8,"key":"SMITH"},{"data":"All Out Attack","floor":10,"key":"SMITH"},{"floor":12,"key":"REST"},{"data":"Noxious Fumes","floor":15,"key":"SMITH"}],"neow_cost":"NONE","seed_source_timestamp":28846285142100,"circlet_count":0,"master_deck":["Strike_G","Strike_G","Strike_G","Strike_G","Strike_G","Defend_G","Defend_G+1","Defend_G","Defend_G","Defend_G","Survivor+1","Neutralize","All Out Attack+1","Bouncing Flask","Regret","Backflip+1","Wraith Form v2+1","Sucker Punch","Noxious Fumes+1","Crippling Poison","Venomology+1","Prepared+1","Well Laid Plans","Blur+1"],"relics":["Ring of the Snake","NeowsBlessing","Golden Idol","War Paint","Bag of Preparation","Ancient Tea Set","HoveringKite","Nilry\u0027s Codex"],"potions_floor_usage":[7,14,16,20,21,21,23,23,23,23],"damage_taken":[{"damage":0,"enemies":"Cultist","floor":1,"turns":1},{"damage":0,"enemies":"Small Slimes","floor":2,"turns":1},{"damage":0,"enemies":"Jaw Worm","floor":5,"turns":1},{"damage":31,"enemies":"3 Sentries","floor":7,"turns":10},{"damage":4,"enemies":"Gremlin Gang","floor":11,"turns":3},{"damage":4,"enemies":"Exordium Wildlife","floor":13,"turns":4},{"damage":3,"enemies":"Gremlin Nob","floor":14,"turns":5},{"damage":30,"enemies":"The Guardian","floor":16,"turns":9},{"damage":19,"enemies":"Shell Parasite","floor":18,"turns":6},{"damage":5,"enemies":"Chosen","floor":20,"turns":5},{"damage":38,"enemies":"Centurion and Healer","floor":21,"turns":9},{"damage":23,"enemies":"Book of Stabbing","floor":23,"turns":5}],"seed_played":"-4682887642749215478","potions_obtained":[{"floor":1,"key":"EssenceOfSteel"},{"floor":5,"key":"Block Potion"},{"floor":7,"key":"Energy Potion"},{"floor":13,"key":"Dexterity Potion"},{"floor":20,"key":"Regen Potion"},{"floor":21,"key":"AttackPotion"}],"is_trial":false,"path_per_floor":["M","M","?","?","M","R","E","R","T","R","M","R","M","E","R","B",null,"M","?","M","M","?","E"],"character_chosen":"THE_SILENT","items_purchased":[],"campfire_rested":1,"item_purchase_floors":[],"current_hp_per_floor":[70,70,65,65,65,65,34,34,34,34,30,49,45,42,42,12,52,33,33,28,39,23,0],"gold":748,"neow_bonus":"THREE_ENEMY_KILL","is_prod":false,"is_daily":false,"chose_seed":false,"campfire_upgraded":4,"win_rate":0,"timestamp":1639263688,"path_taken":["M","M","?","?","?","R","E","R","T","R","M","R","M","E","R","BOSS","M","?","M","?","?","E"],"build_version":"2020-12-22","purchased_purges":0,"victory":false,"max_hp_per_floor":[70,70,65,65,65,65,65,65,65,65,65,65,65,65,65,65,65,65,65,65,65,65,65],"card_choices":[{"not_picked":["Dodge and Roll","Infinite Blades"],"picked":"All Out Attack","floor":1},{"not_picked":["Endless Agony","Expertise"],"picked":"Bouncing Flask","floor":2},{"not_picked":["Dodge and Roll","Dagger Spray"],"picked":"Backflip","floor":5},{"not_picked":["PiercingWail","Dodge and Roll"],"picked":"Wraith Form v2","floor":7},{"not_picked":["Escape Plan","Deflect"],"picked":"Sucker Punch","floor":11},{"not_picked":["Outmaneuver","PiercingWail"],"picked":"Noxious Fumes","floor":13},{"not_picked":["Escape Plan","Calculated Gamble"],"picked":"Crippling Poison","floor":14},{"not_picked":["Burst","Storm of Steel"],"picked":"Venomology","floor":16},{"not_picked":["Acrobatics","Deflect"],"picked":"Prepared+1","floor":18},{"not_picked":["Sucker Punch","Dagger Throw"],"picked":"Well Laid Plans","floor":20},{"not_picked":["Skewer","Acrobatics"],"picked":"Blur+1","floor":21}],"player_experience":442535,"relics_obtained":[{"floor":7,"key":"War Paint"},{"floor":9,"key":"Bag of Preparation"},{"floor":14,"key":"Ancient Tea Set"},{"floor":22,"key":"Nilry\u0027s Codex"}],"event_choices":[{"damage_healed":0,"gold_gain":0,"player_choice":"Lose Max HP","damage_taken":0,"relics_obtained":["Golden Idol"],"max_hp_gain":0,"max_hp_loss":5,"event_name":"Golden Idol","floor":3,"gold_loss":0},{"damage_healed":0,"gold_gain":275,"player_choice":"Desecrate","damage_taken":0,"max_hp_gain":0,"max_hp_loss":0,"event_name":"Golden Shrine","floor":4,"gold_loss":0,"cards_obtained":["Regret"]},{"damage_healed":0,"gold_gain":0,"player_choice":"Upgraded","damage_taken":0,"max_hp_gain":0,"max_hp_loss":0,"event_name":"Upgrade Shrine","floor":19,"gold_loss":0,"cards_upgraded":["Venomology"]},{"damage_healed":0,"gold_gain":0,"player_choice":"Obtained Book","damage_taken":16,"max_hp_gain":0,"max_hp_loss":0,"event_name":"Cursed Tome","floor":22,"gold_loss":0}],"is_beta":false,"boss_relics":[{"not_picked":["Sozu","Cursed Key"],"picked":"HoveringKite"}],"items_purged_floors":[],"is_endless":false,"potions_floor_spawned":[1,5,7,13,20,21],"killed_by":"Book of Stabbing","ascension_level":5}