{"gold_per_floor":[112,125,195,43,60,60,88,102,102,102,116,130,143,102,102,207,207,223,223,223,193,204,204,229,229,229,262,274,274,286,296,296,393,393,407,407,121,141,141,141,169,188,267,292,337,337,366,382,382,382],"floor_reached":51,"playtime":5607,"items_purged":["Strike_G"],"score":879,"play_id":"3045bda6-6ed1-40b3-81ac-931a71b98430","local_time":"20211211101842","is_ascension_mode":true,"campfire_choices":[{"data":"Prepared","floor":6.0,"key":"SMITH"},{"data":"Tactician","floor":10.0,"key":"SMITH"},{"data":"Phantasmal Killer","floor":15.0,"key":"SMITH"},{"data":"Wraith Form v2","floor":23.0,"key":"SMITH"},{"floor":29.0,"key":"REST"},{"data":"Eviscerate","floor":32.0,"key":"SMITH"},{"data":"Endless Agony","floor":40.0,"key":"SMITH"},{"data":"Catalyst","floor":49.0,"key":"SMITH"}],"neow_cost":"CURSE","seed_source_timestamp":110319292500,"circlet_count":0,"master_deck":["Strike_G","Strike_G","Strike_G","Defend_G+1","Defend_G","Defend_G","Defend_G","Survivor","Neutralize","Dagger Throw","Quick Slash","Prepared+1","Phantasmal Killer+1","Tactician+1","Backstab","Acrobatics","Acrobatics","Wraith Form v2+1","Footwork","Ghostly","Ghostly","Ghostly","Ghostly+1","Ghostly","Outmaneuver+1","Bouncing Flask","Prepared+1","Envenom","Flechettes","Eviscerate+1","Crippling Poison","Corpse Explosion","Endless Agony+1","Mind Blast","Noxious Fumes+1","After Image","Terror+1","Shame","Catalyst+1","Night Terror"],"special_seed":0,"relics":["Ring of the Snake","Tingsha","White Beast Statue","OrangePellets","Shuriken","Pear","Snecko Eye","Smiling Mask","Nunchaku","Cursed Key","Boot","Oddly Smooth Stone","Bottled Flame","Mercury Hourglass","Tough Bandages","War Paint"],"potions_floor_usage":[50],"damage_taken":[{"damage":2.0,"enemies":"Cultist","floor":1.0,"turns":5.0},{"damage":8.0,"enemies":"Jaw Worm","floor":2.0,"turns":5.0},{"damage":0.0,"enemies":"2 Louse","floor":5.0,"turns":2.0},{"damage":25.0,"enemies":"3 Sentries","floor":7.0,"turns":10.0},{"damage":1.0,"enemies":"Blue Slaver","floor":8.0,"turns":3.0},{"damage":5.0,"enemies":"Red Slaver","floor":11.0,"turns":4.0},{"damage":6.0,"enemies":"Lots of Slimes","floor":12.0,"turns":3.0},{"damage":1.0,"enemies":"Looter","floor":13.0,"turns":2.0},{"damage":17.0,"enemies":"Slime Boss","floor":16.0,"turns":10.0},{"damage":18.0,"enemies":"3 Byrds","floor":18.0,"turns":5.0},{"damage":10.0,"enemies":"2 Thieves","floor":21.0,"turns":5.0},{"damage":2.0,"enemies":"Snecko","floor":22.0,"turns":6.0},{"damage":5.0,"enemies":"Gremlin Leader","floor":24.0,"turns":8.0},{"damage":7.0,"enemies":"Book of Stabbing","floor":27.0,"turns":7.0},{"damage":2.0,"enemies":"Cultist and Chosen","floor":28.0,"turns":8.0},{"damage":6.0,"enemies":"Snake Plant","floor":30.0,"turns":7.0},{"damage":1.0,"enemies":"Centurion and Healer","floor":31.0,"turns":6.0},{"damage":8.0,"enemies":"Collector","floor":33.0,"turns":11.0},{"damage":4.0,"enemies":"3 Darklings","floor":35.0,"turns":3.0},{"damage":1.0,"enemies":"Orb Walker","floor":38.0,"turns":4.0},{"damage":1.0,"enemies":"Nemesis","floor":41.0,"turns":5.0},{"damage":1.0,"enemies":"Maw","floor":42.0,"turns":8.0},{"damage":1.0,"enemies":"Giant Head","floor":44.0,"turns":7.0},{"damage":12.0,"enemies":"2 Orb Walkers","floor":45.0,"turns":4.0},{"damage":0.0,"enemies":"Reptomancer","floor":47.0,"turns":5.0},{"damage":0.0,"enemies":"Transient","floor":48.0,"turns":5.0},{"damage":24,"enemies":"Awakened One","floor":50,"turns":15}],"seed_played":"2372341930264696418","potions_obtained":[{"floor":5.0,"key":"GamblersBrew"},{"floor":7.0,"key":"Block Potion"},{"floor":8.0,"key":"DuplicationPotion"},{"floor":11.0,"key":"LiquidMemories"},{"floor":12.0,"key":"Regen Potion"},{"floor":16.0,"key":"DuplicationPotion"},{"floor":18.0,"key":"DistilledChaos"},{"floor":21.0,"key":"Strength Potion"},{"floor":22.0,"key":"Energy Potion"},{"floor":24.0,"key":"Strength Potion"},{"floor":27.0,"key":"DuplicationPotion"},{"floor":28.0,"key":"Swift Potion"},{"floor":30.0,"key":"Block Potion"},{"floor":33.0,"key":"Fire Potion"},{"floor":35.0,"key":"Regen Potion"},{"floor":47.0,"key":"Strength Potion"},{"floor":48.0,"key":"CunningPotion"}],"is_trial":false,"path_per_floor":["M","M","T","$","M","R","E","M","T","R","M","M","M","?","R","B",null,"M","?","?","M","M","R","E","?","T","E","M","R","M","M","R","B",null,"M","?","$","M","?","R","E","M","T","E","?","?","E","M","R","B",null],"character_chosen":"THE_SILENT","items_purchased":["OrangePellets","Boot","Mind Blast"],"campfire_rested":1,"item_purchase_floors":[4,37,37],"current_hp_per_floor":[68,60,60,60,60,60,35,34,44,44,39,33,32,32,32,30,80,62,40,40,30,28,28,23,23,23,16,14,26,20,19,19,11,40,36,36,36,35,35,35,34,33,33,32,20,20,20,20,20,11],"gold":382,"neow_bonus":"ONE_RARE_RELIC","is_prod":false,"is_daily":false,"chose_seed":false,"campfire_upgraded":7,"win_rate":0,"timestamp":1639239522,"path_taken":["M","M","?","$","M","R","E","M","T","R","M","M","M","?","R","BOSS","M","?","?","?","M","R","E","?","T","E","?","R","M","M","R","BOSS","M","?","$","M","?","R","E","M","T","E","?","?","E","?","R","BOSS"],"build_version":"2020-12-22","purchased_purges":1,"victory":true,"max_hp_per_floor":[70,70,70,70,70,70,70,70,80,80,80,80,80,80,80,80,80,80,40,40,40,40,40,40,40,40,40,40,40,40,40,40,40,40,40,40,40,40,40,40,40,40,40,40,40,40,40,40,40,40],"card_choices":[{"not_picked":["Flechettes","Blade Dance"],"picked":"Dagger Throw","floor":1.0},{"not_picked":["Distraction","Finisher"],"picked":"Quick Slash","floor":2.0},{"not_picked":["Outmaneuver","Bane"],"picked":"Prepared","floor":5.0},{"not_picked":["Outmaneuver","Dagger Throw"],"picked":"Phantasmal Killer","floor":7.0},{"not_picked":["Outmaneuver","Slice"],"picked":"Tactician","floor":8.0},{"not_picked":["Bouncing Flask","Deflect"],"picked":"Backstab","floor":11.0},{"not_picked":["Outmaneuver","PiercingWail"],"picked":"Acrobatics","floor":12.0},{"not_picked":["Choke","Malaise"],"picked":"Acrobatics","floor":13.0},{"not_picked":["Corpse Explosion","Tools of the Trade"],"picked":"Wraith Form v2","floor":16.0},{"not_picked":["Sucker Punch","Blade Dance"],"picked":"Footwork","floor":18.0},{"not_picked":["Dagger Throw+1","Bane"],"picked":"Outmaneuver+1","floor":21.0},{"not_picked":["Backstab","Dodge and Roll+1"],"picked":"Bouncing Flask","floor":22.0},{"not_picked":["Deadly Poison+1","Blade Dance"],"picked":"Prepared+1","floor":24.0},{"not_picked":["Bane","Poisoned Stab+1"],"picked":"Envenom","floor":27.0},{"not_picked":["Deadly Poison","Quick Slash+1"],"picked":"Flechettes","floor":28.0},{"not_picked":["Deadly Poison","Riddle With Holes"],"picked":"Eviscerate","floor":30.0},{"not_picked":["Slice","Deadly Poison+1"],"picked":"Crippling Poison","floor":31.0},{"not_picked":["Adrenaline","Die Die Die"],"picked":"Corpse Explosion","floor":33.0},{"not_picked":["Caltrops","Dash+1"],"picked":"Endless Agony","floor":35.0},{"not_picked":["Backflip","Blur"],"picked":"Noxious Fumes+1","floor":38.0},{"not_picked":["Finisher","Calculated Gamble+1"],"picked":"After Image","floor":41.0},{"not_picked":["Quick Slash","PiercingWail+1"],"picked":"Terror+1","floor":42.0},{"not_picked":["Choke","Dodge and Roll"],"picked":"Catalyst","floor":44.0},{"not_picked":["Flying Knee+1","Dodge and Roll","Acrobatics+1"],"picked":"SKIP","floor":47.0},{"not_picked":["Prepared+1","Bane+1"],"picked":"Night Terror","floor":48.0}],"player_experience":421995,"relics_obtained":[{"floor":3.0,"key":"White Beast Statue"},{"floor":7.0,"key":"Shuriken"},{"floor":9.0,"key":"Pear"},{"floor":24.0,"key":"Smiling Mask"},{"floor":27.0,"key":"Nunchaku"},{"floor":41.0,"key":"Oddly Smooth Stone"},{"floor":43.0,"key":"Bottled Flame"},{"floor":44.0,"key":"Mercury Hourglass"},{"floor":45.0,"key":"Tough Bandages"},{"floor":47.0,"key":"War Paint"}],"event_choices":[{"damage_healed":0.0,"max_hp_gain":0.0,"max_hp_loss":0.0,"gold_gain":0.0,"event_name":"World of Goop","player_choice":"Left Gold","floor":14.0,"gold_loss":41.0,"damage_taken":0.0},{"damage_healed":0.0,"max_hp_gain":0.0,"max_hp_loss":40.0,"gold_gain":0.0,"event_name":"Ghosts","player_choice":"Became a Ghost","floor":19.0,"gold_loss":0.0,"damage_taken":0.0,"cards_obtained":["Ghostly","Ghostly","Ghostly","Ghostly","Ghostly"]},{"cards_removed":["Shame"],"damage_healed":0.0,"max_hp_gain":0.0,"max_hp_loss":0.0,"gold_gain":0.0,"event_name":"Fountain of Cleansing","player_choice":"Removed Curses","floor":20.0,"gold_loss":0.0,"damage_taken":0.0},{"cards_removed":["Strike_G"],"damage_healed":0.0,"max_hp_gain":0.0,"max_hp_loss":0.0,"gold_gain":0.0,"event_name":"Bonfire Elementals","player_choice":"Offered Basic","floor":25.0,"gold_loss":0.0,"damage_taken":0.0},{"cards_removed":["Defend_G"],"damage_healed":0.0,"max_hp_gain":0.0,"max_hp_loss":0.0,"gold_gain":0.0,"event_name":"Falling","player_choice":"Removed Skill","floor":36.0,"gold_loss":0.0,"damage_taken":0.0},{"damage_healed":0.0,"max_hp_gain":0.0,"max_hp_loss":0.0,"gold_gain":0.0,"event_name":"Tomb of Lord Red Mask","player_choice":"Ignored","floor":39.0,"gold_loss":0.0,"damage_taken":0.0},{"damage_healed":0.0,"max_hp_gain":0.0,"max_hp_loss":0.0,"gold_gain":0.0,"event_name":"Mysterious Sphere","player_choice":"Fight","floor":45.0,"gold_loss":0.0,"damage_taken":0.0},{"damage_healed":0.0,"max_hp_gain":0.0,"max_hp_loss":0.0,"gold_gain":0.0,"event_name":"Lab","player_choice":"Got Potions","floor":46.0,"gold_loss":0.0,"damage_taken":0.0}],"is_beta":false,"boss_relics":[{"not_picked":["Coffee Dripper","Ectoplasm"],"picked":"Snecko Eye"},{"not_picked":["SacredBark","Runic Dome"],"picked":"Cursed Key"}],"items_purged_floors":[37],"is_endless":false,"potions_floor_spawned":[5,7,8,11,12,13,16,18,21,22,24,27,28,30,31,33,35,38,41,42,44,45,47,48],"ascension_level":2}