{"gold_per_floor":[216,34,45,45,55,55,89,11,56,81,60,60,72,83,83,184,184,195,195,212,226,226],"floor_reached":22,"playtime":1303,"items_purged":[],"score":235,"play_id":"d6825ba2-7bf2-4704-896e-96e4dab6de58","local_time":"20211211125024","is_ascension_mode":true,"campfire_choices":[{"data":"Infinite Blades","floor":6,"key":"SMITH"},{"floor":12,"key":"REST"},{"floor":15,"key":"REST"}],"neow_cost":"NONE","seed_source_timestamp":13675719914500,"circlet_count":0,"master_deck":["Strike_G","Strike_G","Strike_G","Strike_G","Strike_G","Defend_G","Defend_G","Defend_G","Defend_G","Defend_G","Survivor","Neutralize","Terror","Poisoned Stab","Infinite Blades+1","Dagger Throw","Masterful Stab","Noxious Fumes","Crippling Poison","Die Die Die","Backflip","A Thousand Cuts","Endless Agony","RitualDagger","Deflect","Underhanded Strike"],"relics":["Ring of the Snake","Lantern","Ancient Tea Set","Bottled Lightning","Omamori","Sundial","HoveringKite"],"potions_floor_usage":[7,14,16],"damage_taken":[{"damage":6,"enemies":"Cultist","floor":1,"turns":5},{"damage":0,"enemies":"2 Louse","floor":3,"turns":3},{"damage":1,"enemies":"Small Slimes","floor":5,"turns":3},{"damage":18,"enemies":"Gremlin Nob","floor":7,"turns":3},{"damage":17,"enemies":"3 Sentries","floor":10,"turns":6},{"damage":9,"enemies":"3 Louse","floor":13,"turns":2},{"damage":6,"enemies":"Large Slime","floor":14,"turns":4},{"damage":42,"enemies":"Slime Boss","floor":16,"turns":9},{"damage":11,"enemies":"Chosen","floor":18,"turns":4},{"damage":34,"enemies":"Spheric Guardian","floor":20,"turns":6},{"damage":16,"enemies":"Centurion and Healer","floor":21,"turns":6}],"seed_played":"7924022948158154827","potions_obtained":[{"floor":1,"key":"GamblersBrew"},{"floor":3,"key":"Dexterity Potion"},{"floor":10,"key":"LiquidMemories"},{"floor":21,"key":"DuplicationPotion"}],"is_trial":false,"path_per_floor":["M","$","M","?","M","R","E","$","T","E","?","R","M","M","R","B",null,"M","?","M","M","?"],"character_chosen":"THE_SILENT","items_purchased":["Lantern","Poisoned Stab","Noxious Fumes"],"campfire_rested":2,"item_purchase_floors":[2,2,8],"current_hp_per_floor":[64,64,64,52,51,51,33,33,33,16,16,37,28,22,43,1,70,59,53,19,3,0],"gold":226,"neow_bonus":"HUNDRED_GOLD","is_prod":false,"is_daily":false,"chose_seed":false,"campfire_upgraded":1,"win_rate":0,"timestamp":1639248624,"path_taken":["M","$","M","?","M","R","E","$","T","E","?","R","M","M","R","BOSS","M","?","M","M","?"],"build_version":"2020-12-22","purchased_purges":0,"victory":false,"max_hp_per_floor":[70,70,70,70,70,70,70,70,70,70,70,70,70,70,70,70,70,70,70,70,70,70],"card_choices":[{"not_picked":["Deflect","Poisoned Stab"],"picked":"Terror","floor":1},{"not_picked":["Flechettes","Blur"],"picked":"Infinite Blades","floor":3},{"not_picked":["Slice","Outmaneuver"],"picked":"Dagger Throw","floor":5},{"not_picked":["Tactician","Dagger Throw"],"picked":"Masterful Stab","floor":7},{"not_picked":["Cloak And Dagger","Footwork"],"picked":"Crippling Poison","floor":10},{"not_picked":["PiercingWail","All Out Attack"],"picked":"Die Die Die","floor":13},{"not_picked":["Sucker Punch","Dagger Spray"],"picked":"Backflip","floor":14},{"not_picked":["Bullet Time","Die Die Die"],"picked":"A Thousand Cuts","floor":16},{"not_picked":["Accuracy","Choke"],"picked":"Endless Agony","floor":18},{"not_picked":["Sucker Punch","Deadly Poison"],"picked":"Deflect","floor":20},{"not_picked":["Cloak And Dagger","Quick Slash"],"picked":"Underhanded Strike","floor":21}],"player_experience":430401,"relics_obtained":[{"floor":7,"key":"Bottled Lightning"},{"floor":9,"key":"Omamori"},{"floor":10,"key":"Sundial"}],"event_choices":[{"damage_healed":0,"gold_gain":0,"player_choice":"Success","damage_taken":12,"relics_obtained":["Ancient Tea Set"],"max_hp_gain":0,"max_hp_loss":0,"event_name":"Scrap Ooze","floor":4,"gold_loss":0},{"damage_healed":0,"gold_gain":0,"player_choice":"Left Gold","damage_taken":0,"max_hp_gain":0,"max_hp_loss":0,"event_name":"World of Goop","floor":11,"gold_loss":21},{"damage_healed":0,"gold_gain":0,"player_choice":"Joined the Cult","damage_taken":6,"max_hp_gain":0,"max_hp_loss":0,"event_name":"Nest","floor":19,"gold_loss":0,"cards_obtained":["RitualDagger"]}],"is_beta":false,"boss_relics":[{"not_picked":["Cursed Key","Ectoplasm"],"picked":"HoveringKite"}],"items_purged_floors":[],"is_endless":false,"potions_floor_spawned":[1,3,10,21],"ascension_level":4}