{"gold_per_floor":[113,128,145,161,172,172,200,2,2,29,0,0,0,100,100,199,199,209,262,279,297,297,326,326,359,359,385,385,404,404,418,418,519,519,537,4,14,25,36,36,68,88,88,108,108,108,126,151,151,151,151,151,5,39,39],"floor_reached":56,"playtime":3836,"items_purged":["Parasite","Strike_G"],"score":1389,"play_id":"b07ea672-4bde-4522-ada8-ce66811590a0","local_time":"20211211140846","is_ascension_mode":true,"campfire_choices":[{"data":"Poisoned Stab","floor":6.0,"key":"SMITH"},{"data":"Noxious Fumes","floor":13.0,"key":"SMITH"},{"floor":15.0,"key":"REST"},{"data":"Wraith Form v2","floor":24.0,"key":"SMITH"},{"floor":28.0,"key":"REST"},{"data":"Adrenaline","floor":30.0,"key":"SMITH"},{"floor":32.0,"key":"REST"},{"floor":40.0,"key":"RECALL"},{"data":"Burst","floor":45.0,"key":"SMITH"},{"data":"Bouncing Flask","floor":49.0,"key":"SMITH"},{"data":"Bouncing Flask","floor":52.0,"key":"SMITH"}],"neow_cost":"CURSE","seed_source_timestamp":14994797229900,"circlet_count":0,"master_deck":["Strike_G","Strike_G","Defend_G","Defend_G","Defend_G","Defend_G","Defend_G","Survivor","Neutralize","Poisoned Stab+1","Dodge and Roll","Underhanded Strike","Bouncing Flask+1","Acrobatics","Adrenaline+1","Noxious Fumes+1","Bane","Crippling Poison","A Thousand Cuts","Dash","Noxious Fumes+1","Wraith Form v2+1","Catalyst+1","Prepared","PiercingWail","Tactician+1","Prepared+1","Well Laid Plans+1","Burst+1","Corpse Explosion","Noxious Fumes+1","Bouncing Flask+1","Escape Plan+1","Caltrops+1"],"special_seed":0,"relics":["Ring of the Snake","Lizard Tail","Pear","Strawberry","Tiny Chest","Empty Cage","Centennial Puzzle","White Beast Statue","Art of War","Dream Catcher","Frozen Egg 2","Shuriken","Snecko Eye","FossilizedHelix","Toy Ornithopter","Lantern","Anchor","Oddly Smooth Stone"],"potions_floor_usage":[55],"damage_taken":[{"damage":3.0,"enemies":"2 Louse","floor":1.0,"turns":3.0},{"damage":7.0,"enemies":"Jaw Worm","floor":2.0,"turns":5.0},{"damage":0.0,"enemies":"Cultist","floor":3.0,"turns":4.0},{"damage":5.0,"enemies":"Exordium Wildlife","floor":4.0,"turns":5.0},{"damage":5.0,"enemies":"Red Slaver","floor":5.0,"turns":4.0},{"damage":29.0,"enemies":"Gremlin Nob","floor":7.0,"turns":5.0},{"damage":11.0,"enemies":"Lagavulin","floor":10.0,"turns":5.0},{"damage":23.0,"enemies":"Slime Boss","floor":16.0,"turns":6.0},{"damage":27.0,"enemies":"Shell Parasite","floor":18.0,"turns":5.0},{"damage":23.0,"enemies":"3 Byrds","floor":20.0,"turns":4.0},{"damage":5.0,"enemies":"Snecko","floor":21.0,"turns":4.0},{"damage":32.0,"enemies":"Slavers","floor":23.0,"turns":4.0},{"damage":4.0,"enemies":"Gremlin Leader","floor":25.0,"turns":5.0},{"damage":13.0,"enemies":"Book of Stabbing","floor":27.0,"turns":5.0},{"damage":7.0,"enemies":"Cultist and Chosen","floor":29.0,"turns":7.0},{"damage":14.0,"enemies":"Snake Plant","floor":31.0,"turns":5.0},{"damage":35.0,"enemies":"Champ","floor":33.0,"turns":9.0},{"damage":1.0,"enemies":"3 Shapes","floor":35.0,"turns":5.0},{"damage":0.0,"enemies":"3 Darklings","floor":37.0,"turns":1.0},{"damage":1.0,"enemies":"Spire Growth","floor":38.0,"turns":4.0},{"damage":0.0,"enemies":"Sphere and 2 Shapes","floor":39.0,"turns":4.0},{"damage":11.0,"enemies":"Reptomancer","floor":41.0,"turns":7.0},{"damage":2.0,"enemies":"Maw","floor":42.0,"turns":5.0},{"damage":0.0,"enemies":"3 Darklings","floor":44.0,"turns":4.0},{"damage":0.0,"enemies":"Sphere and 2 Shapes","floor":47.0,"turns":4.0},{"damage":2.0,"enemies":"Time Eater","floor":50.0,"turns":5.0},{"damage":15.0,"enemies":"Shield and Spear","floor":54.0,"turns":5.0},{"damage":50,"enemies":"The Heart","floor":55,"turns":6}],"seed_played":"-5609850575763818913","potions_obtained":[{"floor":7.0,"key":"SkillPotion"},{"floor":10.0,"key":"FearPotion"},{"floor":18.0,"key":"SteroidPotion"},{"floor":20.0,"key":"Explosive Potion"},{"floor":21.0,"key":"Strength Potion"},{"floor":23.0,"key":"GamblersBrew"},{"floor":25.0,"key":"LiquidBronze"},{"floor":27.0,"key":"Weak Potion"},{"floor":29.0,"key":"Fire Potion"},{"floor":31.0,"key":"SkillPotion"},{"floor":35.0,"key":"BlessingOfTheForge"}],"is_trial":false,"path_per_floor":["M","M","M","M","M","R","E","$","T","E","?","?","R","?","R","B",null,"M","T","M","M","?","E","R","E","T","E","R","M","R","M","R","B",null,"M","$","M","M","M","R","E","M","T","M","R","?","M","T","R","B",null,"R","$","E","B",null],"character_chosen":"THE_SILENT","items_purchased":["Noxious Fumes","Bane","FossilizedHelix","Corpse Explosion","Anchor"],"campfire_rested":3,"item_purchase_floors":[8,8,36,36,53],"current_hp_per_floor":[67,60,60,55,50,50,31,31,38,27,27,27,27,27,52,29,84,57,57,34,29,29,39,39,35,35,22,47,40,40,26,51,16,84,83,83,83,82,82,82,71,69,69,69,69,69,69,69,69,67,80,80,80,65,20],"gold":39,"neow_bonus":"ONE_RARE_RELIC","is_prod":false,"is_daily":false,"chose_seed":false,"campfire_upgraded":7,"win_rate":0,"timestamp":1639253326,"path_taken":["M","M","M","M","M","R","E","$","T","E","?","?","R","?","R","BOSS","M","?","M","M","?","E","R","E","T","E","R","M","R","?","R","BOSS","M","$","M","M","M","R","E","M","T","M","R","?","M","?","R","BOSS","R","$","E","BOSS"],"build_version":"2020-12-22","purchased_purges":2,"victory":true,"max_hp_per_floor":[70,70,70,70,70,70,80,77,84,84,84,84,84,84,84,84,84,84,84,84,84,84,84,84,84,84,84,84,84,84,84,84,84,84,84,84,84,84,84,84,84,84,84,84,84,80,80,80,80,80,80,80,80,80,80],"card_choices":[{"not_picked":["Acrobatics","Deadly Poison"],"picked":"Poisoned Stab","floor":1.0},{"not_picked":["Crippling Poison","Expertise"],"picked":"Dodge and Roll","floor":2.0},{"not_picked":["Cloak And Dagger","Slice"],"picked":"Underhanded Strike","floor":3.0},{"not_picked":["Eviscerate","Footwork"],"picked":"Bouncing Flask","floor":4.0},{"not_picked":["Storm of Steel","Cloak And Dagger"],"picked":"Acrobatics","floor":5.0},{"not_picked":["Slice","Malaise"],"picked":"Adrenaline","floor":7.0},{"not_picked":["Well Laid Plans","Distraction"],"picked":"Crippling Poison","floor":10.0},{"not_picked":["After Image","Storm of Steel"],"picked":"A Thousand Cuts","floor":16.0},{"not_picked":["Dagger Throw","Crippling Poison"],"picked":"Dash","floor":18.0},{"not_picked":["Slice","PiercingWail"],"picked":"Noxious Fumes+1","floor":20.0},{"not_picked":["Deflect","Endless Agony"],"picked":"Wraith Form v2","floor":21.0},{"not_picked":["Heel Hook","Bane","Deflect"],"picked":"SKIP","floor":23.0},{"not_picked":["Reflex+1","Cloak And Dagger+1"],"picked":"Catalyst+1","floor":25.0},{"not_picked":["Deadly Poison","Slice"],"picked":"Prepared","floor":27.0},{"not_picked":["Infinite Blades+1","Prepared"],"picked":"PiercingWail","floor":28.0},{"not_picked":["Die Die Die","Quick Slash"],"picked":"Tactician+1","floor":29.0},{"not_picked":["Cloak And Dagger+1","Dodge and Roll"],"picked":"Prepared+1","floor":31.0},{"not_picked":["Flying Knee","Outmaneuver"],"picked":"Well Laid Plans+1","floor":32.0},{"not_picked":["Malaise","Storm of Steel"],"picked":"Burst","floor":33.0},{"not_picked":["Slice+1","Sucker Punch+1","Flying Knee"],"picked":"SKIP","floor":35.0},{"not_picked":["Deadly Poison+1","Blade Dance"],"picked":"Noxious Fumes+1","floor":37.0},{"not_picked":["Slice+1","Poisoned Stab","Dagger Spray+1"],"picked":"SKIP","floor":38.0},{"not_picked":["Blade Dance+1","All Out Attack+1","Bane+1"],"picked":"SKIP","floor":39.0},{"not_picked":["Predator","Reflex","Glass Knife"],"picked":"SKIP","floor":41.0},{"not_picked":["Poisoned Stab","Calculated Gamble+1","Deadly Poison"],"picked":"SKIP","floor":42.0},{"not_picked":["Backflip","Cloak And Dagger"],"picked":"Bouncing Flask","floor":44.0},{"not_picked":["Outmaneuver","Cloak And Dagger"],"picked":"Escape Plan+1","floor":47.0},{"not_picked":["Expertise+1","Backstab"],"picked":"Caltrops+1","floor":54.0}],"player_experience":431704,"relics_obtained":[{"floor":7.0,"key":"Pear"},{"floor":9.0,"key":"Strawberry"},{"floor":10.0,"key":"Tiny Chest"},{"floor":19.0,"key":"Centennial Puzzle"},{"floor":22.0,"key":"White Beast Statue"},{"floor":23.0,"key":"Art of War"},{"floor":25.0,"key":"Dream Catcher"},{"floor":26.0,"key":"Frozen Egg 2"},{"floor":27.0,"key":"Shuriken"},{"floor":41.0,"key":"Toy Ornithopter"},{"floor":48.0,"key":"Lantern"},{"floor":54.0,"key":"Oddly Smooth Stone"}],"event_choices":[{"damage_healed":0.0,"max_hp_gain":0.0,"max_hp_loss":0.0,"gold_gain":0.0,"event_name":"World of Goop","player_choice":"Left Gold","floor":11.0,"gold_loss":29.0,"damage_taken":0.0},{"damage_healed":0.0,"max_hp_gain":0.0,"max_hp_loss":0.0,"gold_gain":0.0,"event_name":"Liars Game","player_choice":"Ignored","floor":12.0,"gold_loss":0.0,"damage_taken":0.0},{"damage_healed":0.0,"max_hp_gain":0.0,"max_hp_loss":0.0,"gold_gain":100.0,"event_name":"Golden Shrine","player_choice":"Pray","floor":14.0,"gold_loss":0.0,"damage_taken":0.0},{"damage_healed":0.0,"max_hp_gain":0.0,"max_hp_loss":0.0,"gold_gain":0.0,"event_name":"Wheel of Change","player_choice":"Relic","floor":22.0,"gold_loss":0.0,"damage_taken":0.0},{"damage_healed":0.0,"max_hp_gain":0.0,"max_hp_loss":4.0,"gold_gain":0.0,"event_name":"Winding Halls","player_choice":"Max HP","floor":46.0,"gold_loss":0.0,"damage_taken":0.0}],"is_beta":false,"boss_relics":[{"not_picked":["Tiny House","Coffee Dripper"],"picked":"Empty Cage"},{"not_picked":["Sozu","SacredBark"],"picked":"Snecko Eye"}],"items_purged_floors":[8,36],"is_endless":false,"potions_floor_spawned":[7,10,18,20,21,23,25,27,29,31,33,35,37,38,39,41,42,44,47,54],"ascension_level":4}