{"gold_per_floor":[113,125,125,139,149,149,177,177,223,223,234,15,15,50,50,155,155,172,188,188,202,301,301,336,336,336,365,380,380],"floor_reached":29,"playtime":2766,"items_purged":["Regret"],"score":328,"play_id":"8c42c983-2a2f-4146-a5b4-95c86f243254","local_time":"20201017201945","is_ascension_mode":true,"campfire_choices":[{"data":"Barrage","floor":6,"key":"SMITH"},{"data":"Doom and Gloom","floor":8,"key":"SMITH"},{"data":"Chill","floor":13,"key":"SMITH"},{"data":"Defend_B","floor":15,"key":"SMITH"},{"floor":23,"key":"RECALL"},{"floor":25,"key":"REST"}],"neow_cost":"TEN_PERCENT_HP_LOSS","seed_source_timestamp":28218620290300,"circlet_count":0,"master_deck":["Strike_B","Strike_B","Strike_B","Strike_B","Defend_B","Defend_B","Defend_B","Defend_B+1","Zap+1","Dualcast+1","Rebound","Barrage+1","Cold Snap","Chill+1","Doom and Gloom+1","Cold Snap","Electrodynamics","Genetic Algorithm","Capacitor","Coolheaded+1","Consume","Sunder+1"],"relics":["Cracked Core","Bird Faced Urn","Gremlin Horn","Strawberry","Oddly Smooth Stone","Lantern","Question Card","Fusion Hammer","Toy Ornithopter","Molten Egg 2","Dream Catcher"],"potions_floor_usage":[11,24,29,29],"damage_taken":[{"damage":0,"enemies":"2 Louse","floor":1,"turns":1},{"damage":0,"enemies":"Small Slimes","floor":2,"turns":2},{"damage":2,"enemies":"Jaw Worm","floor":4,"turns":3},{"damage":10,"enemies":"Gremlin Gang","floor":5,"turns":3},{"damage":4,"enemies":"Gremlin Nob","floor":7,"turns":3},{"damage":0,"enemies":"Lots of Slimes","floor":11,"turns":1},{"damage":7,"enemies":"Lagavulin","floor":14,"turns":6},{"damage":24,"enemies":"The Guardian","floor":16,"turns":11},{"damage":1,"enemies":"Spheric Guardian","floor":18,"turns":3},{"damage":17,"enemies":"Shell Parasite","floor":19,"turns":4},{"damage":2,"enemies":"3 Cultists","floor":21,"turns":4},{"damage":30,"enemies":"Book of Stabbing","floor":24,"turns":5},{"damage":27,"enemies":"Slavers","floor":27,"turns":5},{"damage":30,"enemies":"Snecko","floor":28,"turns":5},{"damage":17,"enemies":"Snake Plant","floor":29,"turns":1}],"seed_played":"6928709130059651967","potions_obtained":[{"floor":2,"key":"DistilledChaos"},{"floor":5,"key":"BlessingOfTheForge"},{"floor":18,"key":"Strength Potion"},{"floor":21,"key":"DuplicationPotion"}],"is_trial":false,"path_per_floor":["M","M","?","M","M","R","E","R","T","?","M","$","R","E","R","B",null,"M","M","?","M","?","R","E","R","T","E","M","M"],"character_chosen":"DEFECT","items_purchased":["Lantern"],"campfire_rested":1,"item_purchase_floors":[12],"current_hp_per_floor":[68,68,54,52,42,42,38,38,45,45,45,45,45,38,38,14,75,74,59,59,61,61,61,33,55,55,32,4,0],"gold":380,"neow_bonus":"ONE_RARE_RELIC","is_prod":false,"is_daily":false,"chose_seed":false,"campfire_upgraded":4,"win_rate":0,"timestamp":1602983985,"path_taken":["M","M","?","M","M","R","E","R","T","?","M","$","R","E","R","BOSS","M","M","?","M","?","R","E","R","T","E","M","M"],"build_version":"2020-07-30","purchased_purges":1,"victory":false,"max_hp_per_floor":[68,68,68,68,68,68,68,68,75,75,75,75,75,75,75,75,75,75,75,75,75,75,75,75,75,75,75,75,75],"card_choices":[{"not_picked":["Beam Cell","Barrage"],"picked":"Rebound","floor":1},{"not_picked":["Double Energy","Go for the Eyes"],"picked":"Barrage","floor":2},{"not_picked":["Hologram","Coolheaded"],"picked":"Cold Snap","floor":4},{"not_picked":["Hologram","Blizzard"],"picked":"Chill","floor":5},{"not_picked":["Gash","Aggregate"],"picked":"Doom and Gloom","floor":7},{"not_picked":["Rebound","Chill"],"picked":"Cold Snap","floor":11},{"not_picked":["Tempest","Storm","Sweeping Beam"],"picked":"SKIP","floor":14},{"not_picked":["Multi-Cast","Seek","Hyperbeam"],"picked":"Electrodynamics","floor":16},{"not_picked":["Hologram","Conserve Battery+1","Beam Cell+1"],"picked":"Genetic Algorithm","floor":18},{"not_picked":["Go for the Eyes","Beam Cell","Undo+1"],"picked":"Capacitor","floor":19},{"not_picked":["Steam","Lockon","Stack+1"],"picked":"Coolheaded+1","floor":21},{"not_picked":["Redo","Chill+1","Sweeping Beam"],"picked":"Consume","floor":24},{"not_picked":["BootSequence","Doom and Gloom+1","Auto Shields"],"picked":"Sunder+1","floor":27},{"not_picked":["Beam Cell+1","Leap","Amplify","Scrape+1"],"picked":"SKIP","floor":28}],"player_experience":85089,"relics_obtained":[{"floor":7,"key":"Gremlin Horn"},{"floor":9,"key":"Strawberry"},{"floor":14,"key":"Question Card"},{"floor":24,"key":"Toy Ornithopter"},{"floor":26,"key":"Molten Egg 2"},{"floor":27,"key":"Dream Catcher"}],"event_choices":[{"damage_healed":0,"gold_gain":0,"player_choice":"Entered Light","damage_taken":14,"max_hp_gain":0,"max_hp_loss":0,"event_name":"Shining Light","floor":3,"gold_loss":0,"cards_upgraded":["Dualcast","Zap"]},{"damage_healed":0,"gold_gain":0,"player_choice":"Box","damage_taken":0,"relics_obtained":["Oddly Smooth Stone"],"max_hp_gain":0,"max_hp_loss":0,"event_name":"Big Fish","floor":10,"gold_loss":0,"cards_obtained":["Regret"]},{"damage_healed":0,"gold_gain":0,"player_choice":"Ignored","damage_taken":0,"max_hp_gain":0,"max_hp_loss":0,"event_name":"Vampires","floor":20,"gold_loss":0},{"damage_healed":0,"gold_gain":99,"player_choice":"Stole From Cult","damage_taken":0,"max_hp_gain":0,"max_hp_loss":0,"event_name":"Nest","floor":22,"gold_loss":0}],"is_beta":false,"boss_relics":[{"not_picked":["SacredBark","Runic Pyramid"],"picked":"Fusion Hammer"}],"items_purged_floors":[12],"is_endless":false,"potions_floor_spawned":[2,5,18,21],"killed_by":"Snake Plant","ascension_level":4}