{"gold_per_floor":[118,68,68,78,93,128,128,161,161,161,119,119,136,155,155,254,254,223,240,257,73,172,198,198,198,198,198,215,249,249,249,249,344,344,357,373,67,67,87,120,120,120,120,138,153,153,185,235,235,235],"floor_reached":51,"playtime":7668,"items_purged":["Writhe"],"score":763,"play_id":"4eb23282-4fe7-4fce-86a3-f5265d16b91b","local_time":"20201008213259","is_ascension_mode":true,"campfire_choices":[{"floor":7.0,"key":"REST"},{"floor":10.0,"key":"REST"},{"data":"Zap","floor":15.0,"key":"SMITH"},{"floor":24,"key":"REST"},{"floor":32,"key":"REST"},{"data":"Defragment","floor":42,"key":"SMITH"},{"data":"Buffer","floor":46,"key":"SMITH"},{"data":"Defragment","floor":49,"key":"SMITH"}],"neow_cost":"CURSE","seed_source_timestamp":0,"circlet_count":0,"master_deck":["Strike_B+1","Strike_B+1","Defend_B+1","Defend_B+1","Defend_B+1","Defend_B+1","Zap+1","Dualcast","Doubt","Barrage","Redo","Chill+1","Undo","Cold Snap","Glacier","Leap","Echo Form","Loop","Lockon","Defragment+1","Chaos","Necronomicurse","Chaos","Buffer+1","CurseOfTheBell","Ball Lightning","Streamline+1","Defragment+1","Skim","Rebound+1"],"special_seed":0,"relics":["Cracked Core","Question Card","StoneCalendar","Ginger","Philosopher\u0027s Stone","Happy Flower","HornCleat","Bag of Preparation","Letter Opener","Necronomicon","Whetstone","Calling Bell","Regal Pillow","Sundial","Gambling Chip","Oddly Smooth Stone","Potion Belt","TungstenRod","Pantograph","CaptainsWheel"],"potions_floor_usage":[23,33,33,40,47,47,50],"damage_taken":[{"damage":6.0,"enemies":"2 Louse","floor":1.0,"turns":3.0},{"damage":4.0,"enemies":"Jaw Worm","floor":4.0,"turns":4.0},{"damage":5.0,"enemies":"Small Slimes","floor":5.0,"turns":3.0},{"damage":42.0,"enemies":"Lagavulin","floor":6.0,"turns":9.0},{"damage":21.0,"enemies":"Gremlin Nob","floor":8.0,"turns":4.0},{"damage":13.0,"enemies":"Exordium Thugs","floor":13.0,"turns":6.0},{"damage":0.0,"enemies":"3 Louse","floor":14.0,"turns":2.0},{"damage":33.0,"enemies":"Hexaghost","floor":16.0,"turns":14.0},{"damage":13.0,"enemies":"2 Thieves","floor":18.0,"turns":5.0},{"damage":12.0,"enemies":"Shell Parasite","floor":19.0,"turns":7.0},{"damage":13.0,"enemies":"Sentry and Sphere","floor":20.0,"turns":7.0},{"damage":16,"enemies":"Gremlin Leader","floor":23,"turns":8},{"damage":5,"enemies":"Shelled Parasite and Fungi","floor":28,"turns":4},{"damage":28,"enemies":"Book of Stabbing","floor":29,"turns":7},{"damage":27,"enemies":"Automaton","floor":33,"turns":10},{"damage":45,"enemies":"3 Darklings","floor":35,"turns":7},{"damage":0,"enemies":"Orb Walker","floor":36,"turns":4},{"damage":27,"enemies":"Transient","floor":39,"turns":5},{"damage":1,"enemies":"Nemesis","floor":40,"turns":7},{"damage":17,"enemies":"Spire Growth","floor":44,"turns":5},{"damage":0,"enemies":"4 Shapes","floor":45,"turns":7},{"damage":12,"enemies":"Reptomancer","floor":47,"turns":8},{"damage":0,"enemies":"Mind Bloom Boss Battle","floor":48,"turns":6},{"damage":56,"enemies":"Donu and Deca","floor":50,"turns":13}],"seed_played":"-6473831432219908877","potions_obtained":[{"floor":4.0,"key":"Energy Potion"},{"floor":6.0,"key":"BlessingOfTheForge"},{"floor":19.0,"key":"Explosive Potion"},{"floor":23,"key":"CultistPotion"},{"floor":28,"key":"FairyPotion"},{"floor":36,"key":"GamblersBrew"},{"floor":39,"key":"LiquidMemories"},{"floor":45,"key":"Weak Potion"},{"floor":48,"key":"AttackPotion"}],"is_trial":false,"path_per_floor":["M","?","?","M","M","E","R","E","T","R","?","?","M","M","R","B",null,"M","M","M","$","?","E","R","?","T","?","M","E","?","?","R","B",null,"M","M","$","?","M","E","?","R","T","M","M","R","E","?","R","B",null],"character_chosen":"DEFECT","items_purchased":["Happy Flower","Defragment","Oddly Smooth Stone","Defragment"],"campfire_rested":4,"item_purchase_floors":[21,21,37,37],"current_hp_per_floor":[83,83,83,79,74,32,58,37,37,63,63,63,50,50,50,17,89,76,64,51,51,51,35,61,61,61,45,40,12,12,12,38,11,89,44,44,44,89,62,61,61,61,61,44,44,44,32,57,57,26],"gold":235,"neow_bonus":"TWENTY_PERCENT_HP_BONUS","is_prod":false,"is_daily":false,"chose_seed":false,"campfire_upgraded":4,"win_rate":1,"timestamp":1602210779,"path_taken":["M","?","?","M","M","E","R","E","T","R","?","?","M","?","R","BOSS","M","M","M","$","?","E","R","?","T","?","?","E","?","?","R","BOSS","M","M","$","?","?","E","?","R","T","M","M","R","E","?","R","BOSS"],"build_version":"2020-07-30","purchased_purges":1,"victory":true,"max_hp_per_floor":[89,89,89,89,89,89,89,89,89,89,89,89,89,89,89,89,89,89,89,89,89,89,89,89,89,89,89,89,89,89,89,89,89,89,89,89,89,89,89,89,89,89,89,89,89,89,89,89,89,89],"card_choices":[{"not_picked":["FTL","Leap"],"picked":"Barrage","floor":1.0},{"not_picked":["Streamline","Stack"],"picked":"Redo","floor":4.0},{"not_picked":["Stack","Streamline"],"picked":"Chill","floor":5.0},{"not_picked":["Barrage","Reprogram"],"picked":"Undo","floor":6.0},{"not_picked":["Coolheaded","Leap","Hologram"],"picked":"Cold Snap","floor":8.0},{"not_picked":["Consume","Chill","Fission"],"picked":"Glacier","floor":13.0},{"not_picked":["Reinforced Body","Doom and Gloom","White Noise"],"picked":"Leap","floor":14.0},{"not_picked":["Rainbow","All For One","Seek"],"picked":"Echo Form","floor":16.0},{"not_picked":["Genetic Algorithm","Gash","Stack"],"picked":"Loop","floor":18.0},{"not_picked":["Rebound+1","Stack+1","Heatsinks+1"],"picked":"Double Energy","floor":19.0},{"not_picked":["Genetic Algorithm+1","Rebound","Gash"],"picked":"Lockon","floor":20.0},{"not_picked":["Hologram","Cold Snap","Steam"],"picked":"Chaos","floor":23},{"not_picked":["Leap","BootSequence","Blizzard"],"picked":"Chaos","floor":28},{"not_picked":["Blizzard","Thunder Strike","Sweeping Beam","Auto Shields"],"picked":"SKIP","floor":29},{"not_picked":["All For One","Machine Learning","Seek"],"picked":"Buffer","floor":33},{"not_picked":["Beam Cell+1","Hello World","Redo"],"picked":"Ball Lightning","floor":35},{"not_picked":["Heatsinks","Gash","Redo"],"picked":"Streamline+1","floor":36},{"not_picked":["Compile Driver","Rebound","Barrage+1","Beam Cell+1"],"picked":"SKIP","floor":39},{"not_picked":["Ball Lightning+1","Stack","Gash"],"picked":"Skim","floor":40},{"not_picked":["Sweeping Beam+1","Consume+1","Conserve Battery","Self Repair"],"picked":"SKIP","floor":44},{"not_picked":["Reprogram+1","Lockon","Force Field","Compile Driver"],"picked":"SKIP","floor":45},{"not_picked":["Tempest","Multi-Cast","Ball Lightning"],"picked":"Rebound+1","floor":47}],"player_experience":47727,"relics_obtained":[{"floor":6.0,"key":"Question Card"},{"floor":8.0,"key":"StoneCalendar"},{"floor":9.0,"key":"Ginger"},{"floor":23,"key":"HornCleat"},{"floor":26,"key":"Letter Opener"},{"floor":27,"key":"Necronomicon"},{"floor":29,"key":"Whetstone"},{"floor":34,"key":"Regal Pillow"},{"floor":34,"key":"Sundial"},{"floor":34,"key":"Gambling Chip"},{"floor":40,"key":"Potion Belt"},{"floor":43,"key":"TungstenRod"},{"floor":47,"key":"Pantograph"},{"floor":48,"key":"CaptainsWheel"}],"event_choices":[{"cards_removed":["Strike_B"],"damage_healed":0.0,"max_hp_gain":0.0,"max_hp_loss":0.0,"gold_gain":0.0,"event_name":"The Cleric","player_choice":"Card Removal","floor":2.0,"gold_loss":50.0,"damage_taken":0.0},{"damage_healed":0.0,"max_hp_gain":0.0,"max_hp_loss":0.0,"gold_gain":0.0,"event_name":"Golden Idol","player_choice":"Ignored","floor":3.0,"gold_loss":0.0,"damage_taken":0.0},{"damage_healed":0.0,"max_hp_gain":0.0,"max_hp_loss":0.0,"gold_gain":0.0,"event_name":"World of Goop","player_choice":"Left Gold","floor":11.0,"gold_loss":42.0,"damage_taken":0.0},{"damage_healed":0.0,"max_hp_gain":0.0,"max_hp_loss":0.0,"gold_gain":0.0,"event_name":"Accursed Blacksmith","player_choice":"Forge","floor":12.0,"gold_loss":0.0,"damage_taken":0.0,"cards_upgraded":["Chill"]},{"damage_healed":0,"gold_gain":99,"player_choice":"Stole From Cult","damage_taken":0,"max_hp_gain":0,"max_hp_loss":0,"event_name":"Nest","floor":22,"gold_loss":0},{"damage_healed":0,"gold_gain":0,"player_choice":"Opened","damage_taken":0,"relics_obtained":["Bag of Preparation"],"max_hp_gain":0,"max_hp_loss":0,"event_name":"The Mausoleum","floor":25,"gold_loss":0,"cards_obtained":["Writhe"]},{"damage_healed":0,"gold_gain":0,"player_choice":"Obtained Book","damage_taken":16,"max_hp_gain":0,"max_hp_loss":0,"event_name":"Cursed Tome","floor":27,"gold_loss":0},{"damage_healed":0,"gold_gain":0,"player_choice":"Simplicity","damage_taken":0,"max_hp_gain":0,"max_hp_loss":0,"event_name":"Back to Basics","floor":30,"gold_loss":0,"cards_upgraded":["Strike_B","Defend_B","Defend_B","Defend_B","Defend_B"]},{"damage_healed":0,"gold_gain":0,"player_choice":"Bought 0 Potions","damage_taken":0,"max_hp_gain":0,"max_hp_loss":0,"event_name":"The Woman in Blue","floor":31,"gold_loss":0},{"cards_removed":["Double Energy"],"damage_healed":45,"gold_gain":0,"player_choice":"Offered Uncommon","damage_taken":0,"max_hp_gain":0,"max_hp_loss":0,"event_name":"Bonfire Elementals","floor":38,"gold_loss":0},{"cards_removed":["Strike_B"],"damage_healed":0,"gold_gain":0,"player_choice":"Removed Attack","damage_taken":0,"max_hp_gain":0,"max_hp_loss":0,"event_name":"Falling","floor":41,"gold_loss":0},{"damage_healed":0,"gold_gain":0,"player_choice":"Fight","damage_taken":0,"max_hp_gain":0,"max_hp_loss":0,"event_name":"MindBloom","floor":48,"gold_loss":0}],"is_beta":false,"boss_relics":[{"not_picked":["Snecko Eye","Empty Cage"],"picked":"Philosopher\u0027s Stone"},{"not_picked":["Tiny House","Coffee Dripper"],"picked":"Calling Bell"}],"items_purged_floors":[37],"is_endless":false,"potions_floor_spawned":[4,6,19,23,28,36,39,45,48],"ascension_level":1}