{"gold_per_floor":[119,119,69,81,101,101,126,126,151,180,197,223,223,242,242,347,347,361,379,379,379,394,394,394],"floor_reached":24,"playtime":2303,"items_purged":[],"score":248,"play_id":"5be79128-b02b-45a1-ba97-52a245462882","local_time":"20201016194735","is_ascension_mode":true,"campfire_choices":[{"data":"Zap","floor":6.0,"key":"SMITH"},{"floor":8.0,"key":"REST"},{"floor":15.0,"key":"REST"},{"floor":23.0,"key":"REST"}],"neow_cost":"NONE","seed_source_timestamp":0,"circlet_count":0,"master_deck":["Strike_B+1","Strike_B+1","Defend_B+1","Defend_B+1","Defend_B+1","Defend_B+1","Zap+1","Dualcast","Steam","Cold Snap+1","Tempest","Blizzard","Compile Driver","Ball Lightning","Sunder","Defragment","Buffer","Reinforced Body+1","Sweeping Beam+1","Defragment"],"special_seed":0,"relics":["FrozenCore","Smiling Mask","Whetstone","Juzu Bracelet","Incense Burner","InkBottle"],"potions_floor_usage":[],"damage_taken":[{"damage":2.0,"enemies":"2 Louse","floor":1.0,"turns":2.0},{"damage":0.0,"enemies":"Small Slimes","floor":4.0,"turns":3.0},{"damage":0.0,"enemies":"Jaw Worm","floor":5.0,"turns":3.0},{"damage":19.0,"enemies":"Gremlin Nob","floor":7.0,"turns":4.0},{"damage":42.0,"enemies":"3 Sentries","floor":10.0,"turns":9.0},{"damage":10.0,"enemies":"Exordium Thugs","floor":11.0,"turns":4.0},{"damage":12.0,"enemies":"Gremlin Nob","floor":12.0,"turns":3.0},{"damage":0.0,"enemies":"2 Fungi Beasts","floor":14.0,"turns":2.0},{"damage":21.0,"enemies":"The Guardian","floor":16.0,"turns":12.0},{"damage":7.0,"enemies":"3 Byrds","floor":18.0,"turns":5.0},{"damage":20.0,"enemies":"2 Thieves","floor":19.0,"turns":4.0},{"damage":0.0,"enemies":"Shelled Parasite and Fungi","floor":22.0,"turns":8.0},{"damage":62,"enemies":"Gremlin Leader","floor":24,"turns":2}],"seed_played":"8728215397678858633","potions_obtained":[{"floor":0.0,"key":"Weak Potion"},{"floor":0.0,"key":"DuplicationPotion"},{"floor":0.0,"key":"LiquidBronze"},{"floor":7.0,"key":"CultistPotion"},{"floor":16.0,"key":"Energy Potion"},{"floor":18.0,"key":"LiquidBronze"}],"is_trial":false,"path_per_floor":["M","?","?","M","M","R","E","R","T","E","M","E","T","M","R","B",null,"M","M","?","?","M","R","E"],"character_chosen":"DEFECT","items_purchased":[],"campfire_rested":3,"item_purchase_floors":[],"current_hp_per_floor":[73,66,66,66,66,66,47,69,69,27,17,5,5,5,27,6,75,68,48,48,34,34,58,0],"gold":394,"neow_bonus":"THREE_SMALL_POTIONS","is_prod":false,"is_daily":false,"chose_seed":false,"campfire_upgraded":1,"win_rate":0,"timestamp":1602895655,"path_taken":["M","?","?","M","?","R","E","R","T","E","M","E","?","M","R","BOSS","M","M","?","?","M","R","E"],"build_version":"2020-07-30","purchased_purges":0,"victory":false,"max_hp_per_floor":[75,75,75,75,75,75,75,75,75,75,75,75,75,75,75,75,75,75,75,75,80,80,80,80],"card_choices":[{"not_picked":["Stack","Gash"],"picked":"Steam","floor":1.0},{"not_picked":["Static Discharge","Go for the Eyes"],"picked":"Cold Snap","floor":4.0},{"not_picked":["Aggregate","BootSequence"],"picked":"Tempest","floor":5.0},{"not_picked":["White Noise","Redo"],"picked":"Blizzard","floor":7.0},{"not_picked":["Barrage","FTL"],"picked":"Compile Driver","floor":10.0},{"not_picked":["Rebound","Coolheaded"],"picked":"Ball Lightning","floor":11.0},{"not_picked":["Blizzard","Recycle"],"picked":"Sunder","floor":12.0},{"not_picked":["Rebound","Coolheaded"],"picked":"Defragment","floor":14.0},{"not_picked":["Meteor Strike","Thunder Strike"],"picked":"Buffer","floor":16.0},{"not_picked":["Rebound+1","Go for the Eyes"],"picked":"Reinforced Body+1","floor":18.0},{"not_picked":["Steam Power","Steam+1"],"picked":"Sweeping Beam+1","floor":19.0},{"not_picked":["Melter+1","Stack"],"picked":"Defragment","floor":22.0}],"player_experience":71907,"relics_obtained":[{"floor":7.0,"key":"Smiling Mask"},{"floor":9.0,"key":"Whetstone"},{"floor":10.0,"key":"Juzu Bracelet"},{"floor":12.0,"key":"Incense Burner"},{"floor":13.0,"key":"InkBottle"}],"event_choices":[{"cards_removed":["Strike_B"],"damage_healed":0.0,"max_hp_gain":0.0,"max_hp_loss":0.0,"gold_gain":0.0,"event_name":"Golden Wing","player_choice":"Card Removal","floor":2.0,"gold_loss":0.0,"damage_taken":7.0},{"cards_removed":["Strike_B"],"damage_healed":0.0,"max_hp_gain":0.0,"max_hp_loss":0.0,"gold_gain":0.0,"event_name":"The Cleric","player_choice":"Card Removal","floor":3.0,"gold_loss":50.0,"damage_taken":0.0},{"damage_healed":0.0,"max_hp_gain":0.0,"max_hp_loss":0.0,"gold_gain":0.0,"event_name":"Back to Basics","player_choice":"Simplicity","floor":20.0,"gold_loss":0.0,"damage_taken":0.0,"cards_upgraded":["Strike_B","Defend_B","Defend_B","Defend_B","Defend_B"]},{"damage_healed":0.0,"max_hp_gain":5.0,"max_hp_loss":0.0,"gold_gain":0.0,"event_name":"Forgotten Altar","player_choice":"Shed Blood","floor":21.0,"gold_loss":0.0,"damage_taken":19.0}],"is_beta":false,"boss_relics":[{"not_picked":["Tiny House","Inserter"],"picked":"FrozenCore"}],"items_purged_floors":[],"is_endless":false,"potions_floor_spawned":[1,7,10,11,16,18],"killed_by":"Gremlin Leader","ascension_level":3}