{"gold_per_floor":[115,115,128,47,67,95,95,122,122,134,186,186,197,213,213,310,310,326,326,48,58,75,75,100,100,175,210,210,210,224,250,250,250],"floor_reached":33,"playtime":3074,"items_purged":["Strike_B"],"score":325,"play_id":"73c75106-f13c-4833-b80a-419326bd269a","local_time":"20201009141931","is_ascension_mode":true,"campfire_choices":[{"data":"Lockon","floor":7.0,"key":"SMITH"},{"floor":12.0,"key":"REST"},{"floor":15.0,"key":"REST"},{"data":"Chill","floor":23,"key":"SMITH"},{"floor":25,"key":"REST"},{"floor":28,"key":"REST"},{"floor":32,"key":"REST"}],"neow_cost":"NONE","seed_source_timestamp":0,"circlet_count":0,"master_deck":["Strike_B","Strike_B","Strike_B","Defend_B","Defend_B","Defend_B","Defend_B","Zap+1","Dualcast","Defragment+1","Coolheaded","Lockon+1","Redo","Ball Lightning","Reinforced Body","Biased Cognition","Undo","Go for the Eyes","Steam","Electrodynamics","Coolheaded","Chill+1","Loop","Machine Learning","Leap+1"],"special_seed":0,"relics":["Cracked Core","CaptainsWheel","Darkstone Periapt","Bottled Lightning","Blood Vial","Nuclear Battery","Bag of Marbles","Ornamental Fan","Pear","Red Mask"],"potions_floor_usage":[27,27,33],"damage_taken":[{"damage":1.0,"enemies":"Cultist","floor":1.0,"turns":3.0},{"damage":4.0,"enemies":"Jaw Worm","floor":3.0,"turns":4.0},{"damage":3.0,"enemies":"2 Louse","floor":5.0,"turns":3.0},{"damage":16.0,"enemies":"Lagavulin","floor":6.0,"turns":5.0},{"damage":24.0,"enemies":"3 Sentries","floor":8.0,"turns":5.0},{"damage":10.0,"enemies":"Gremlin Gang","floor":10.0,"turns":4.0},{"damage":5.0,"enemies":"Looter","floor":13.0,"turns":2.0},{"damage":4.0,"enemies":"Blue Slaver","floor":14.0,"turns":2.0},{"damage":10.0,"enemies":"The Guardian","floor":16.0,"turns":8.0},{"damage":16,"enemies":"Shell Parasite","floor":18,"turns":5},{"damage":2,"enemies":"Spheric Guardian","floor":21,"turns":4},{"damage":19,"enemies":"Snecko","floor":22,"turns":5},{"damage":25,"enemies":"Book of Stabbing","floor":24,"turns":6},{"damage":19,"enemies":"Slavers","floor":27,"turns":3},{"damage":24,"enemies":"Cultist and Chosen","floor":30,"turns":5},{"damage":29,"enemies":"Masked Bandits","floor":31,"turns":5},{"damage":45,"enemies":"Champ","floor":33,"turns":13}],"seed_played":"-1594477195173726335","potions_obtained":[{"floor":8.0,"key":"FocusPotion"},{"floor":13.0,"key":"Weak Potion"},{"floor":14.0,"key":"Strength Potion"},{"floor":21,"key":"PowerPotion"}],"is_trial":false,"path_per_floor":["M","?","M","$","M","E","R","E","T","M","T","R","M","M","R","B",null,"M","?","$","M","M","R","E","R","T","E","R","?","M","?","R","B"],"character_chosen":"DEFECT","items_purchased":["Lockon","Redo","Bag of Marbles","Coolheaded"],"campfire_rested":5,"item_purchase_floors":[4,4,20,20],"current_hp_per_floor":[74,74,70,70,67,51,51,27,27,17,17,39,36,34,56,48,75,59,59,59,59,42,42,19,41,41,34,59,59,37,10,35,0],"gold":250,"neow_bonus":"UPGRADE_CARD","is_prod":false,"is_daily":false,"chose_seed":false,"campfire_upgraded":2,"win_rate":0,"timestamp":1602271171,"path_taken":["M","?","M","?","M","E","R","E","T","M","?","R","M","?","R","BOSS","M","?","$","?","M","R","E","R","T","E","R","?","M","?","R","BOSS"],"build_version":"2020-07-30","purchased_purges":1,"victory":false,"max_hp_per_floor":[75,75,75,75,75,75,75,75,75,75,75,75,75,75,75,75,75,75,75,75,75,75,75,75,75,75,85,85,85,85,85,85,85],"card_choices":[{"not_picked":["Ball Lightning","Conserve Battery"],"picked":"Defragment","floor":1.0},{"not_picked":["Blizzard","Barrage"],"picked":"Coolheaded","floor":3.0},{"not_picked":["Gash","Consume"],"picked":"Ball Lightning","floor":5.0},{"not_picked":["Compile Driver","Barrage"],"picked":"Reinforced Body","floor":6.0},{"not_picked":["Compile Driver","Rainbow"],"picked":"Biased Cognition","floor":8.0},{"not_picked":["Turbo","Consume"],"picked":"Undo","floor":10.0},{"not_picked":["Hologram","Beam Cell"],"picked":"Go for the Eyes","floor":13.0},{"not_picked":["Gash","Streamline"],"picked":"Steam","floor":14.0},{"not_picked":["Creative AI","Fission"],"picked":"Electrodynamics","floor":16.0},{"not_picked":["Compile Driver","Leap+1","Streamline"],"picked":"SKIP","floor":18},{"not_picked":["Auto Shields+1","Barrage"],"picked":"Chill","floor":21},{"not_picked":["Hologram+1","Compile Driver+1"],"picked":"Loop","floor":22},{"not_picked":["Leap","Sweeping Beam","Gash+1"],"picked":"SKIP","floor":24},{"not_picked":["Conserve Battery","Coolheaded+1","Sweeping Beam"],"picked":"SKIP","floor":27},{"not_picked":["Gash+1","FTL","Rip and Tear"],"picked":"SKIP","floor":30},{"not_picked":["Self Repair","Turbo"],"picked":"Leap+1","floor":31}],"player_experience":58854,"relics_obtained":[{"floor":6.0,"key":"CaptainsWheel"},{"floor":8.0,"key":"Darkstone Periapt"},{"floor":9.0,"key":"Bottled Lightning"},{"floor":11.0,"key":"Blood Vial"},{"floor":24,"key":"Ornamental Fan"},{"floor":27,"key":"Pear"},{"floor":31,"key":"Red Mask"}],"event_choices":[{"damage_healed":0.0,"max_hp_gain":0.0,"max_hp_loss":0.0,"gold_gain":0.0,"event_name":"Accursed Blacksmith","player_choice":"Forge","floor":2.0,"gold_loss":0.0,"damage_taken":0.0,"cards_upgraded":["Defragment"]},{"damage_healed":0,"gold_gain":0,"player_choice":"Ignored","damage_taken":0,"max_hp_gain":0,"max_hp_loss":0,"event_name":"N\u0027loth","floor":19,"gold_loss":0},{"damage_healed":0,"gold_gain":0,"player_choice":"Read","damage_taken":0,"max_hp_gain":0,"max_hp_loss":0,"event_name":"The Library","floor":29,"gold_loss":0,"cards_obtained":["Machine Learning"]},{"damage_healed":0,"gold_gain":0,"player_choice":"Fought Bandits","damage_taken":0,"max_hp_gain":0,"max_hp_loss":0,"event_name":"Masked Bandits","floor":31,"gold_loss":0}],"is_beta":false,"boss_relics":[{"not_picked":["Runic Pyramid","Black Star"],"picked":"Nuclear Battery"}],"items_purged_floors":[20],"is_endless":false,"potions_floor_spawned":[8,13,14,21],"killed_by":"Champ","ascension_level":2}