{"gold_per_floor":[362,375,389,16,30,30,42,72,72,72,89,146,163,191,191,295,295,285,285,296,296,310,310,343,343,343,343,103,103,117,32,32,32],"floor_reached":33,"playtime":3459,"items_purged":["Strike_B","Machine Learning"],"score":305,"play_id":"ab2c20f4-806e-456f-b380-1e5ed74a91b4","local_time":"20201009121953","is_ascension_mode":true,"campfire_choices":[{"data":"Fusion","floor":6,"key":"SMITH"},{"data":"Static Discharge","floor":10,"key":"SMITH"},{"floor":15,"key":"REST"},{"floor":23,"key":"REST"},{"floor":25,"key":"REST"},{"data":"Zap","floor":27,"key":"SMITH"},{"data":"Streamline","floor":29,"key":"SMITH"},{"data":"Loop","floor":32,"key":"SMITH"}],"neow_cost":"TEN_PERCENT_HP_LOSS","seed_source_timestamp":1854531446400,"circlet_count":0,"master_deck":["Strike_B+1","Strike_B+1","Strike_B+1","Defend_B+1","Defend_B+1","Defend_B+1","Defend_B+1","Zap+1","Dualcast","Sweeping Beam","Fusion+1","Go for the Eyes","Streamline","Leap","Static Discharge+1","Glacier","Streamline+1","Compile Driver","Thunder Strike","Coolheaded","Capacitor","Gash","Loop+1","Self Repair"],"relics":["Cracked Core","Bag of Marbles","HornCleat","War Paint","Juzu Bracelet","Runic Pyramid","Mercury Hourglass","Bottled Tornado","Pantograph"],"potions_floor_usage":[14,16,18,24,33],"damage_taken":[{"damage":1,"enemies":"Cultist","floor":1,"turns":4},{"damage":2,"enemies":"Jaw Worm","floor":2,"turns":3},{"damage":6,"enemies":"2 Louse","floor":3,"turns":2},{"damage":1,"enemies":"Looter","floor":5,"turns":3},{"damage":0,"enemies":"Large Slime","floor":7,"turns":4},{"damage":13,"enemies":"Lagavulin","floor":8,"turns":6},{"damage":9,"enemies":"Gremlin Gang","floor":11,"turns":4},{"damage":4,"enemies":"Blue Slaver","floor":13,"turns":2},{"damage":9,"enemies":"3 Sentries","floor":14,"turns":2},{"damage":5,"enemies":"Hexaghost","floor":16,"turns":11},{"damage":9,"enemies":"2 Thieves","floor":18,"turns":4},{"damage":1,"enemies":"Spheric Guardian","floor":20,"turns":4},{"damage":36,"enemies":"3 Cultists","floor":22,"turns":6},{"damage":15,"enemies":"Slavers","floor":24,"turns":5},{"damage":13,"enemies":"Snecko","floor":30,"turns":6},{"damage":61,"enemies":"Automaton","floor":33,"turns":10}],"seed_played":"1427951035430725630","potions_obtained":[{"floor":2,"key":"Dexterity Potion"},{"floor":5,"key":"DistilledChaos"},{"floor":11,"key":"PowerPotion"},{"floor":14,"key":"LiquidMemories"},{"floor":16,"key":"Fire Potion"},{"floor":20,"key":"SteroidPotion"}],"is_trial":false,"path_per_floor":["M","M","M","$","M","R","M","E","T","R","M","?","M","E","R","B",null,"M","?","M","?","M","R","E","R","T","R","$","R","M","?","R","B"],"character_chosen":"DEFECT","items_purchased":["Streamline","Leap","Static Discharge","Bag of Marbles","Loop","LiquidMemories"],"campfire_rested":3,"item_purchase_floors":[4,4,4,4,28,28],"current_hp_per_floor":[67,65,59,59,58,58,58,45,45,45,36,36,32,23,43,38,68,59,59,58,58,22,42,27,47,47,47,47,47,34,34,34,0],"gold":32,"neow_bonus":"TWO_FIFTY_GOLD","is_prod":false,"is_daily":false,"chose_seed":false,"campfire_upgraded":5,"win_rate":1,"timestamp":1602263993,"path_taken":["M","M","?","$","M","R","M","E","T","R","M","?","M","E","R","BOSS","M","?","M","?","M","R","E","R","T","R","$","R","M","?","R","BOSS"],"build_version":"2020-07-30","purchased_purges":2,"victory":false,"max_hp_per_floor":[68,68,68,68,68,68,68,68,68,68,68,68,68,68,68,68,68,68,68,68,68,68,68,68,68,68,68,68,68,68,68,68,68],"card_choices":[{"not_picked":["Heatsinks","Coolheaded"],"picked":"Sweeping Beam","floor":1},{"not_picked":["Sweeping Beam","Steam"],"picked":"Fusion","floor":2},{"not_picked":["Hologram","Reprogram"],"picked":"Go for the Eyes","floor":3},{"not_picked":["Go for the Eyes","Gash"],"picked":"Glacier","floor":5},{"not_picked":["Beam Cell","Turbo"],"picked":"Streamline","floor":7},{"not_picked":["Hologram","Leap"],"picked":"Compile Driver","floor":8},{"not_picked":["Gash","Leap"],"picked":"Thunder Strike","floor":11},{"not_picked":["Sweeping Beam","Hologram"],"picked":"Coolheaded","floor":13},{"not_picked":["Auto Shields","Leap"],"picked":"Capacitor","floor":14},{"not_picked":["Reboot","Rainbow"],"picked":"Machine Learning","floor":16},{"not_picked":["Coolheaded","Auto Shields+1","Rebound"],"picked":"SKIP","floor":18},{"not_picked":["Coolheaded","Go for the Eyes","Consume"],"picked":"SKIP","floor":20},{"not_picked":["Barrage","Hologram+1"],"picked":"Gash","floor":22},{"not_picked":["Tempest","Redo","Force Field"],"picked":"SKIP","floor":24},{"not_picked":["BootSequence","Go for the Eyes"],"picked":"Self Repair","floor":30}],"player_experience":55395,"relics_obtained":[{"floor":8,"key":"HornCleat"},{"floor":9,"key":"War Paint"},{"floor":14,"key":"Juzu Bracelet"},{"floor":24,"key":"Mercury Hourglass"},{"floor":26,"key":"Bottled Tornado"}],"event_choices":[{"damage_healed":0,"gold_gain":57,"player_choice":"Gained Gold","damage_taken":0,"max_hp_gain":0,"max_hp_loss":0,"event_name":"Golden Wing","floor":12,"gold_loss":0},{"damage_healed":0,"gold_gain":0,"player_choice":"Simplicity","damage_taken":0,"max_hp_gain":0,"max_hp_loss":0,"event_name":"Back to Basics","floor":19,"gold_loss":0,"cards_upgraded":["Strike_B","Strike_B","Strike_B","Defend_B","Defend_B"]},{"damage_healed":0,"gold_gain":0,"player_choice":"Ignored","damage_taken":0,"max_hp_gain":0,"max_hp_loss":0,"event_name":"Ghosts","floor":21,"gold_loss":0},{"damage_healed":0,"gold_gain":0,"player_choice":"Obtained Relic","damage_taken":0,"relics_obtained":["Pantograph"],"max_hp_gain":0,"max_hp_loss":0,"event_name":"Addict","floor":31,"gold_loss":85}],"is_beta":false,"boss_relics":[{"not_picked":["Coffee Dripper","Tiny House"],"picked":"Runic Pyramid"}],"items_purged_floors":[4,28],"is_endless":false,"potions_floor_spawned":[2,5,11,14,16,20,30],"killed_by":"Automaton","ascension_level":2}