{"gold_per_floor":[17,17,38,63,63,63,106,106,181,181,217,217,261,286,286,411,411,426,341,355,355,20,55,55,71,119,119,150,150,185,204,204,325,325,349,349,364,380,395,395,415,415,415,456,55,95,111,136,136,136],"floor_reached":51,"playtime":6294,"items_purged":["Strike_B","Defend_B"],"score":914,"play_id":"5dd214be-e8fc-43d6-bd84-2a5a896ec557","local_time":"20201016150658","is_ascension_mode":true,"campfire_choices":[{"data":"Zap","floor":6,"key":"SMITH"},{"data":"Self Repair","floor":8,"key":"SMITH"},{"data":"Sweeping Beam","floor":12,"key":"SMITH"},{"floor":15,"key":"REST"},{"floor":24,"key":"REST"},{"floor":27,"key":"REST"},{"data":"Creative AI","floor":29,"key":"SMITH"},{"data":"Defragment","floor":32,"key":"SMITH"},{"floor":40,"key":"REST"},{"data":"Capacitor","floor":42,"key":"SMITH"},{"floor":49,"key":"REST"}],"neow_cost":"NO_GOLD","seed_source_timestamp":4536323815000,"circlet_count":0,"master_deck":["Strike_B+1","Strike_B+1","Defend_B","Defend_B","Defend_B","Zap+1","Dualcast+1","Glacier","Sweeping Beam+1","Reinforced Body","Self Repair+1","Hologram+1","Streamline","Go for the Eyes","Creative AI+1","Capacitor+1","Stack+1","Cold Snap","Doom and Gloom+1","Defragment+1","Defragment+1","Chill+1","Fission+1","Blizzard+1","Consume+1","Parasite","Ball Lightning","Multi-Cast+1","Doubt","Redo+1","Capacitor+1","Force Field+1"],"relics":["Cracked Core","Golden Idol","Bottled Lightning","Pantograph","Toxic Egg 2","Mango","Whetstone","Nuclear Battery","MealTicket","Mummified Hand","White Beast Statue","Unceasing Top","Dream Catcher","Pear","Question Card","Cursed Key","InkBottle","Nunchaku","HandDrill","Letter Opener"],"potions_floor_usage":[14,16,16,23,25,28,30,30,35],"damage_taken":[{"damage":2,"enemies":"Jaw Worm","floor":1,"turns":3},{"damage":0,"enemies":"Cultist","floor":3,"turns":3},{"damage":0,"enemies":"2 Louse","floor":4,"turns":3},{"damage":19,"enemies":"Lagavulin","floor":7,"turns":8},{"damage":3,"enemies":"3 Sentries","floor":11,"turns":9},{"damage":18,"enemies":"Lagavulin","floor":13,"turns":8},{"damage":3,"enemies":"Red Slaver","floor":14,"turns":3},{"damage":19,"enemies":"The Guardian","floor":16,"turns":11},{"damage":20,"enemies":"3 Byrds","floor":18,"turns":4},{"damage":28,"enemies":"Spheric Guardian","floor":20,"turns":4},{"damage":71,"enemies":"Book of Stabbing","floor":23,"turns":10},{"damage":19,"enemies":"Centurion and Healer","floor":25,"turns":10},{"damage":53,"enemies":"Slavers","floor":28,"turns":4},{"damage":9,"enemies":"Book of Stabbing","floor":30,"turns":6},{"damage":0,"enemies":"3 Cultists","floor":31,"turns":6},{"damage":0,"enemies":"Champ","floor":33,"turns":11},{"damage":0,"enemies":"3 Shapes","floor":35,"turns":3},{"damage":0,"enemies":"Orb Walker","floor":37,"turns":3},{"damage":32,"enemies":"Writhing Mass","floor":38,"turns":6},{"damage":66,"enemies":"Transient","floor":39,"turns":5},{"damage":0,"enemies":"Jaw Worm Horde","floor":41,"turns":2},{"damage":28,"enemies":"Giant Head","floor":44,"turns":8},{"damage":6,"enemies":"Nemesis","floor":46,"turns":7},{"damage":17,"enemies":"3 Darklings","floor":47,"turns":3},{"damage":24,"enemies":"4 Shapes","floor":48,"turns":4},{"damage":10,"enemies":"Time Eater","floor":50,"turns":12}],"seed_played":"6069643593822580813","potions_obtained":[{"floor":1,"key":"FearPotion"},{"floor":11,"key":"ColorlessPotion"},{"floor":14,"key":"AttackPotion"},{"floor":20,"key":"GamblersBrew"},{"floor":23,"key":"EntropicBrew"},{"floor":25,"key":"FearPotion"},{"floor":28,"key":"LiquidMemories"},{"floor":30,"key":"ColorlessPotion"},{"floor":31,"key":"LiquidBronze"},{"floor":33,"key":"Fruit Juice"},{"floor":35,"key":"SkillPotion"},{"floor":37,"key":"GamblersBrew"},{"floor":46,"key":"DistilledChaos"}],"is_trial":false,"path_per_floor":["M","?","M","M","T","R","E","R","T","?","E","R","E","M","R","B",null,"M","?","M","T","$","E","R","M","T","R","E","R","E","M","R","B",null,"M","?","M","M","M","R","M","R","T","E","$","E","M","M","R","B",null],"character_chosen":"DEFECT","items_purchased":["White Beast Statue","Nunchaku","HandDrill"],"campfire_rested":5,"item_purchase_floors":[22,45,45],"current_hp_per_floor":[87,65,65,65,65,65,46,46,46,46,67,67,59,66,96,94,103,93,93,75,75,90,29,59,50,50,80,59,59,75,85,85,113,113,118,118,118,96,40,75,75,75,75,57,72,76,59,35,70,95],"gold":136,"neow_bonus":"TWENTY_PERCENT_HP_BONUS","is_prod":false,"is_daily":false,"chose_seed":false,"campfire_upgraded":6,"win_rate":0,"timestamp":1602878818,"path_taken":["M","?","M","M","?","R","E","R","T","?","E","R","E","M","R","BOSS","M","?","M","?","$","E","R","?","T","R","E","R","E","M","R","BOSS","M","?","?","M","M","R","M","R","T","E","$","E","M","M","R","BOSS"],"build_version":"2020-07-30","purchased_purges":2,"victory":true,"max_hp_per_floor":[89,89,89,89,89,89,89,89,89,89,103,103,103,103,103,103,103,103,103,103,103,103,103,103,103,103,103,113,113,113,113,113,113,113,118,118,118,118,118,118,118,118,118,118,118,118,118,118,118,118],"card_choices":[{"not_picked":["Sweeping Beam","Conserve Battery"],"picked":"Glacier","floor":1},{"not_picked":["Beam Cell","Coolheaded"],"picked":"Sweeping Beam","floor":3},{"not_picked":["Conserve Battery","Compile Driver"],"picked":"Reinforced Body","floor":4},{"not_picked":["Barrage","Reboot"],"picked":"Self Repair","floor":7},{"not_picked":["Melter","Steam+1"],"picked":"Hologram+1","floor":11},{"not_picked":["Double Energy+1","Coolheaded+1"],"picked":"Streamline","floor":13},{"not_picked":["Compile Driver","Gash"],"picked":"Go for the Eyes","floor":14},{"not_picked":["Electrodynamics","Echo Form"],"picked":"Creative AI","floor":16},{"not_picked":["Gash","Melter"],"picked":"Capacitor","floor":18},{"not_picked":["Compile Driver","Sweeping Beam"],"picked":"Stack+1","floor":20},{"not_picked":["Rip and Tear","Turbo+1"],"picked":"Cold Snap","floor":23},{"not_picked":["Go for the Eyes","Compile Driver"],"picked":"Doom and Gloom+1","floor":25},{"not_picked":["Go for the Eyes","Barrage"],"picked":"Defragment+1","floor":27},{"not_picked":["Multi-Cast+1","Stack+1"],"picked":"Defragment","floor":28},{"not_picked":["Cold Snap+1","Rebound","Leap+1"],"picked":"SKIP","floor":30},{"not_picked":["Go for the Eyes","Rebound","Turbo+1"],"picked":"Chill+1","floor":31},{"not_picked":["Reboot+1","All For One","Seek+1"],"picked":"Fission+1","floor":33},{"not_picked":["Heatsinks","Recycle+1","Turbo+1"],"picked":"Blizzard+1","floor":35},{"not_picked":["Redo+1","Hello World","Genetic Algorithm+1"],"picked":"Consume+1","floor":37},{"not_picked":["Consume+1","Chill+1","Conserve Battery+1","Turbo+1"],"picked":"SKIP","floor":38},{"not_picked":["Melter+1","Beam Cell","Glacier+1"],"picked":"Ball Lightning","floor":39},{"not_picked":["Turbo+1","Go for the Eyes+1","Hello World+1"],"picked":"Multi-Cast+1","floor":40},{"not_picked":["Gash","Turbo+1","Undo+1","Streamline"],"picked":"SKIP","floor":41},{"not_picked":["Sweeping Beam+1","Genetic Algorithm+1","Ball Lightning"],"picked":"Redo+1","floor":44},{"not_picked":["Gash","Consume+1","Static Discharge","Turbo+1"],"picked":"SKIP","floor":46},{"not_picked":["Glacier+1","Conserve Battery+1","Darkness+1"],"picked":"Capacitor+1","floor":47},{"not_picked":["Loop","Fission+1","Conserve Battery+1","Turbo+1"],"picked":"SKIP","floor":48},{"not_picked":["Hologram+1","Beam Cell+1","Streamline+1"],"picked":"Force Field+1","floor":49}],"player_experience":65613,"relics_obtained":[{"floor":5,"key":"Bottled Lightning"},{"floor":7,"key":"Pantograph"},{"floor":9,"key":"Toxic Egg 2"},{"floor":11,"key":"Mango"},{"floor":13,"key":"Whetstone"},{"floor":21,"key":"Mummified Hand"},{"floor":23,"key":"Unceasing Top"},{"floor":26,"key":"Dream Catcher"},{"floor":28,"key":"Pear"},{"floor":30,"key":"Question Card"},{"floor":44,"key":"InkBottle"},{"floor":46,"key":"Letter Opener"}],"event_choices":[{"damage_healed":0,"gold_gain":0,"player_choice":"Take Damage","damage_taken":22,"relics_obtained":["Golden Idol"],"max_hp_gain":0,"max_hp_loss":0,"event_name":"Golden Idol","floor":2,"gold_loss":0},{"cards_removed":["Strike_B"],"damage_healed":0,"gold_gain":0,"player_choice":"Purged","damage_taken":0,"max_hp_gain":0,"max_hp_loss":0,"event_name":"Purifier","floor":10,"gold_loss":0},{"damage_healed":0,"gold_gain":0,"player_choice":"Obtained Relic","damage_taken":0,"relics_obtained":["MealTicket"],"max_hp_gain":0,"max_hp_loss":0,"event_name":"Addict","floor":19,"gold_loss":85},{"damage_healed":0,"gold_gain":0,"player_choice":"Upgraded","damage_taken":0,"max_hp_gain":0,"max_hp_loss":0,"event_name":"Upgrade Shrine","floor":36,"gold_loss":0,"cards_upgraded":["Dualcast"]}],"is_beta":false,"boss_relics":[{"not_picked":["SacredBark","Snecko Eye"],"picked":"Nuclear Battery"},{"not_picked":["Calling Bell","Velvet Choker"],"picked":"Cursed Key"}],"items_purged_floors":[22,45],"is_endless":false,"potions_floor_spawned":[1,11,14,20,23,25,28,30,31,33,35,37,38,39,41,44,46,47,48],"ascension_level":2}