{"gold_per_floor":[115,43,43,62,75,75,105,105,132,96,114,36,67,80,80,183,183,195,213,225,242,255,255,255,255,281,206,24,24,44,60,60,162,162,174,174,187,204,220,251,251,271,271,271,303,303,323,338,338,338,338,338,37,37],"floor_reached":54,"playtime":6013,"items_purged":["Defend_B"],"score":849,"play_id":"773c1692-4d3d-4e17-8839-ce65333b754d","local_time":"20201017161723","is_ascension_mode":true,"campfire_choices":[{"data":"Darkness","floor":6.0,"key":"SMITH"},{"data":"Genetic Algorithm","floor":8.0,"key":"SMITH"},{"floor":15.0,"key":"REST"},{"floor":23.0,"key":"REST"},{"floor":25.0,"key":"REST"},{"floor":32.0,"key":"REST"},{"floor":41.0,"key":"REST"},{"floor":44.0,"key":"REST"},{"floor":46.0,"key":"REST"},{"floor":49.0,"key":"RECALL"},{"data":"Buffer","floor":52,"key":"SMITH"}],"neow_cost":"NONE","seed_source_timestamp":0,"circlet_count":0,"master_deck":["Defend_B","Defend_B","Defend_B","Zap","Dualcast","Darkness+1","Genetic Algorithm+1","Hologram","Sweeping Beam","Skim","Doom and Gloom","Doom and Gloom+1","Cold Snap+1","Multi-Cast","Thunder Strike+1","Steam+1","BootSequence+1","Rebound+1","Defragment","Glacier","Coolheaded+1","Loop","Capacitor","Darkness","Buffer+1","Sunder+1","Parasite","Redo+1","Consume+1","Melter+1","Lockon+1","Capacitor"],"special_seed":0,"relics":["FrozenCore","Ancient Tea Set","Vajra","Molten Egg 2","Astrolabe","Oddly Smooth Stone","Lantern","WarpedTongs","Question Card","Mummified Hand","Cauldron"],"potions_floor_usage":[53,54,54],"damage_taken":[{"damage":7.0,"enemies":"Small Slimes","floor":1.0,"turns":3.0},{"damage":6.0,"enemies":"Cultist","floor":4.0,"turns":4.0},{"damage":1.0,"enemies":"Jaw Worm","floor":5.0,"turns":4.0},{"damage":10.0,"enemies":"3 Sentries","floor":7.0,"turns":5.0},{"damage":8.0,"enemies":"Looter","floor":11.0,"turns":2.0},{"damage":10.0,"enemies":"Lagavulin","floor":13.0,"turns":5.0},{"damage":0.0,"enemies":"3 Louse","floor":14.0,"turns":1.0},{"damage":31.0,"enemies":"Hexaghost","floor":16.0,"turns":8.0},{"damage":0.0,"enemies":"Chosen","floor":18.0,"turns":5.0},{"damage":0.0,"enemies":"Spheric Guardian","floor":19.0,"turns":3.0},{"damage":27.0,"enemies":"Centurion and Healer","floor":20.0,"turns":5.0},{"damage":30.0,"enemies":"Cultist and Chosen","floor":21.0,"turns":8.0},{"damage":10.0,"enemies":"Sentry and Sphere","floor":22.0,"turns":6.0},{"damage":19.0,"enemies":"Chosen and Byrds","floor":30.0,"turns":6.0},{"damage":21.0,"enemies":"Snake Plant","floor":31.0,"turns":5.0},{"damage":3.0,"enemies":"Champ","floor":33.0,"turns":8.0},{"damage":12.0,"enemies":"3 Shapes","floor":35.0,"turns":8.0},{"damage":0.0,"enemies":"Orb Walker","floor":37.0,"turns":5.0},{"damage":17.0,"enemies":"Maw","floor":38.0,"turns":8.0},{"damage":1.0,"enemies":"Writhing Mass","floor":39.0,"turns":10.0},{"damage":32.0,"enemies":"Reptomancer","floor":40.0,"turns":8.0},{"damage":0.0,"enemies":"Sphere and 2 Shapes","floor":42.0,"turns":5.0},{"damage":45.0,"enemies":"Giant Head","floor":45.0,"turns":10.0},{"damage":8.0,"enemies":"3 Darklings","floor":47.0,"turns":4.0},{"damage":10.0,"enemies":"Spire Growth","floor":48.0,"turns":4.0},{"damage":40,"enemies":"Donu and Deca","floor":50,"turns":15},{"damage":86,"enemies":"Shield and Spear","floor":54,"turns":3}],"seed_played":"7204537298431441079","potions_obtained":[{"floor":0.0,"key":"SpeedPotion"},{"floor":0.0,"key":"Ancient Potion"},{"floor":0.0,"key":"Block Potion"},{"floor":4.0,"key":"FocusPotion"},{"floor":13.0,"key":"SpeedPotion"},{"floor":16.0,"key":"CultistPotion"},{"floor":19.0,"key":"EssenceOfSteel"},{"floor":30.0,"key":"Explosive Potion"},{"floor":31.0,"key":"ColorlessPotion"},{"floor":33.0,"key":"FearPotion"},{"floor":35.0,"key":"GamblersBrew"},{"floor":40.0,"key":"FairyPotion"},{"floor":45.0,"key":"DistilledChaos"},{"floor":47.0,"key":"SneckoOil"},{"floor":53,"key":"Fruit Juice"},{"floor":53,"key":"Regen Potion"},{"floor":53,"key":"SteroidPotion"},{"floor":53,"key":"Block Potion"}],"is_trial":false,"path_per_floor":["M","$","?","M","M","R","E","R","T","?","M","$","E","M","R","B",null,"M","M","M","M","M","R","?","R","T","?","$","?","M","M","R","B",null,"M","?","M","M","M","E","R","M","T","R","E","R","M","M","R","B",null,"R","$","E"],"character_chosen":"DEFECT","items_purchased":["Genetic Algorithm","Doom and Gloom","Lantern","Capacitor","Cauldron","Capacitor"],"campfire_rested":7,"item_purchase_floors":[2,12,28,28,53,53],"current_hp_per_floor":[68,68,68,62,61,61,51,51,51,51,43,43,33,33,55,24,75,75,75,48,18,8,30,30,52,52,52,52,52,33,12,34,31,75,63,63,63,46,45,13,35,35,35,57,12,34,26,16,16,12,75,75,80,0],"gold":37,"neow_bonus":"THREE_SMALL_POTIONS","is_prod":false,"is_daily":false,"chose_seed":false,"campfire_upgraded":3,"win_rate":0,"timestamp":1602969443,"path_taken":["M","$","?","?","M","R","E","R","T","?","M","?","E","M","R","BOSS","M","M","M","M","M","R","?","R","T","?","$","?","M","M","R","BOSS","M","?","M","?","M","E","R","M","T","R","E","R","M","M","R","BOSS","R","$","E"],"build_version":"2020-07-30","purchased_purges":1,"victory":false,"max_hp_per_floor":[75,75,75,75,75,75,75,75,75,75,75,75,75,75,75,75,75,75,75,75,75,75,75,75,75,75,75,75,75,75,75,75,75,75,75,75,75,75,75,75,75,75,75,75,75,75,75,75,75,75,75,75,80,80],"card_choices":[{"not_picked":["Gash","Conserve Battery"],"picked":"Darkness","floor":1.0},{"not_picked":["Go for the Eyes","Heatsinks"],"picked":"Hologram","floor":4.0},{"not_picked":["Streamline","Compile Driver"],"picked":"Sweeping Beam","floor":5.0},{"not_picked":["Streamline","Gash"],"picked":"Skim","floor":7.0},{"not_picked":["Hello World","Hyperbeam","Blizzard"],"picked":"SKIP","floor":11.0},{"not_picked":["Undo","Lockon+1"],"picked":"Doom and Gloom+1","floor":13.0},{"not_picked":["Turbo","Recycle"],"picked":"Cold Snap+1","floor":14.0},{"not_picked":["Biased Cognition","Electrodynamics"],"picked":"Multi-Cast","floor":16.0},{"not_picked":["Compile Driver+1","Tempest"],"picked":"Rebound+1","floor":18.0},{"not_picked":["Chaos","BootSequence"],"picked":"Defragment","floor":19.0},{"not_picked":["Stack","Compile Driver+1"],"picked":"Glacier","floor":20.0},{"not_picked":["Gash+1","Barrage+1"],"picked":"Coolheaded+1","floor":21.0},{"not_picked":["Rebound+1","Hyperbeam+1"],"picked":"Loop","floor":22.0},{"not_picked":["Tempest","Genetic Algorithm","Beam Cell+1"],"picked":"SKIP","floor":30.0},{"not_picked":["Barrage+1","Turbo"],"picked":"Darkness","floor":31.0},{"not_picked":["All For One+1","Thunder Strike+1"],"picked":"Buffer","floor":33.0},{"not_picked":["Hologram","Capacitor","Rebound+1"],"picked":"SKIP","floor":35.0},{"not_picked":["White Noise","Blizzard+1"],"picked":"Sunder+1","floor":37.0},{"not_picked":["Beam Cell+1","Scrape+1","Double Energy"],"picked":"SKIP","floor":38.0},{"not_picked":["Turbo","Compile Driver+1","Static Discharge"],"picked":"SKIP","floor":39.0},{"not_picked":["Leap","Cold Snap+1","Turbo+1"],"picked":"SKIP","floor":40.0},{"not_picked":["Steam+1","Aggregate","Hologram+1"],"picked":"Redo+1","floor":42.0},{"not_picked":["Double Energy","All For One+1","Machine Learning"],"picked":"Consume+1","floor":45.0},{"not_picked":["Coolheaded+1","Capacitor","Compile Driver+1"],"picked":"Melter+1","floor":47.0},{"not_picked":["Coolheaded","Scrape+1","Double Energy"],"picked":"Lockon+1","floor":48.0}],"player_experience":79076,"relics_obtained":[{"floor":7.0,"key":"Ancient Tea Set"},{"floor":9.0,"key":"Vajra"},{"floor":13.0,"key":"Molten Egg 2"},{"floor":26.0,"key":"Oddly Smooth Stone"},{"floor":40.0,"key":"Question Card"},{"floor":45.0,"key":"Mummified Hand"}],"event_choices":[{"cards_removed":["Strike_B"],"damage_healed":0.0,"max_hp_gain":0.0,"max_hp_loss":0.0,"gold_gain":0.0,"event_name":"Purifier","player_choice":"Purged","floor":3.0,"gold_loss":0.0,"damage_taken":0.0},{"damage_healed":0.0,"max_hp_gain":0.0,"max_hp_loss":0.0,"gold_gain":0.0,"event_name":"World of Goop","player_choice":"Left Gold","floor":10.0,"gold_loss":36.0,"damage_taken":0.0},{"damage_healed":0.0,"max_hp_gain":0.0,"max_hp_loss":0.0,"gold_gain":0.0,"event_name":"Forgotten Altar","player_choice":"Smashed Altar","floor":24.0,"gold_loss":0.0,"damage_taken":0.0,"cards_obtained":["Decay"]},{"cards_removed":["Decay"],"damage_healed":0.0,"max_hp_gain":0.0,"max_hp_loss":0.0,"gold_gain":0.0,"event_name":"Beggar","player_choice":"Gave Gold","floor":27.0,"gold_loss":75.0,"damage_taken":0.0},{"damage_healed":0.0,"max_hp_gain":0.0,"max_hp_loss":0.0,"gold_gain":0.0,"event_name":"Accursed Blacksmith","player_choice":"Rummage","floor":29.0,"gold_loss":0.0,"damage_taken":0.0,"relics_obtained":["WarpedTongs"],"cards_obtained":["Pain"]},{"cards_removed":["Pain"],"damage_healed":0.0,"max_hp_gain":0.0,"max_hp_loss":0.0,"gold_gain":0.0,"event_name":"Fountain of Cleansing","player_choice":"Removed Curses","floor":36.0,"gold_loss":0.0,"damage_taken":0.0}],"is_beta":false,"boss_relics":[{"not_picked":["Snecko Eye","Tiny House"],"picked":"Astrolabe"},{"not_picked":["Philosopher\u0027s Stone","Empty Cage"],"picked":"FrozenCore"}],"items_purged_floors":[53],"is_endless":false,"potions_floor_spawned":[4,13,16,19,30,31,33,35,40,45,47],"killed_by":"Shield and Spear","ascension_level":3}