{"gold_per_floor":[109,129,129,142,142,142,171,171,248,248,248,260,273,302,302,405,405,423,411,336,348,47,47,76,91,91,91,91,91,103,121,121,226,226,244,244,255,15,15],"floor_reached":39,"playtime":3685,"items_purged":[],"score":507,"play_id":"35632031-9793-4f7c-8bb0-ecb024ba9ae9","local_time":"20201009152152","is_ascension_mode":true,"campfire_choices":[{"data":"Tempest","floor":6,"key":"SMITH"},{"floor":8,"key":"REST"},{"data":"Streamline","floor":10,"key":"SMITH"},{"floor":15,"key":"REST"},{"floor":23,"key":"REST"},{"floor":27,"key":"REST"},{"floor":32,"key":"REST"}],"neow_cost":"NONE","seed_source_timestamp":12547610205300,"circlet_count":0,"master_deck":["Strike_B","Strike_B","Defend_B","Defend_B+1","Defend_B","Zap","Dualcast","Tempest+1","Streamline+1","Coolheaded+1","Glacier","Capacitor","Leap","Cold Snap","Electrodynamics","Echo Form","Lockon","Ball Lightning","Blizzard","Echo Form","Turbo","Rainbow","Hologram+1","Consume+1"],"relics":["Cracked Core","Blood Vial","Question Card","SlaversCollar","FossilizedHelix","PreservedInsect","Matryoshka","Enchiridion","Runic Pyramid","Gremlin Horn"],"potions_floor_usage":[14,14,21,24,31,37,39],"damage_taken":[{"damage":3,"enemies":"Jaw Worm","floor":1,"turns":4},{"damage":0,"enemies":"2 Louse","floor":2,"turns":2},{"damage":10,"enemies":"Small Slimes","floor":4,"turns":3},{"damage":25,"enemies":"Gremlin Nob","floor":7,"turns":6},{"damage":7,"enemies":"Looter","floor":12,"turns":3},{"damage":1,"enemies":"Red Slaver","floor":13,"turns":3},{"damage":6,"enemies":"Lagavulin","floor":14,"turns":6},{"damage":0,"enemies":"Slime Boss","floor":16,"turns":5},{"damage":12,"enemies":"Shell Parasite","floor":18,"turns":13},{"damage":11,"enemies":"2 Thieves","floor":19,"turns":4},{"damage":22,"enemies":"Centurion and Healer","floor":21,"turns":6},{"damage":46,"enemies":"Slavers","floor":24,"turns":5},{"damage":8,"enemies":"Chosen and Byrds","floor":25,"turns":6},{"damage":7,"enemies":"Sentry and Sphere","floor":30,"turns":4},{"damage":3,"enemies":"Snecko","floor":31,"turns":5},{"damage":38,"enemies":"Automaton","floor":33,"turns":8},{"damage":17,"enemies":"Orb Walker","floor":35,"turns":4},{"damage":0,"enemies":"3 Darklings","floor":37,"turns":2},{"damage":92,"enemies":"2 Orb Walkers","floor":39,"turns":6}],"seed_played":"3500687755012830307","potions_obtained":[{"floor":7,"key":"EssenceOfSteel"},{"floor":12,"key":"Weak Potion"},{"floor":14,"key":"GamblersBrew"},{"floor":16,"key":"AttackPotion"},{"floor":24,"key":"Ancient Potion"},{"floor":25,"key":"Explosive Potion"},{"floor":30,"key":"SneckoOil"},{"floor":31,"key":"Fire Potion"}],"is_trial":false,"path_per_floor":["M","M","?","M","?","R","E","R","T","R","?","M","M","E","R","B",null,"M","M","?","M","$","R","E","M","T","R","?","?","M","M","R","B",null,"M","?","M","$","?"],"character_chosen":"DEFECT","items_purchased":["FossilizedHelix","Gremlin Horn"],"campfire_rested":5,"item_purchase_floors":[22,38],"current_hp_per_floor":[72,72,65,55,60,60,35,59,59,59,43,38,39,35,59,61,80,68,59,59,39,39,63,19,13,13,37,37,21,16,15,39,3,80,63,63,65,65,0],"gold":15,"neow_bonus":"TRANSFORM_CARD","is_prod":false,"is_daily":false,"chose_seed":false,"campfire_upgraded":2,"win_rate":0,"timestamp":1602274912,"path_taken":["M","M","?","M","?","R","E","R","T","R","?","?","M","E","R","BOSS","M","M","?","M","$","R","E","M","T","R","?","?","M","M","R","BOSS","M","?","M","$","?"],"build_version":"2020-07-30","purchased_purges":0,"victory":false,"max_hp_per_floor":[75,75,75,75,80,80,80,80,80,80,80,80,80,80,80,80,80,80,80,80,80,80,80,80,80,80,80,80,80,80,80,80,80,80,80,80,80,80,80],"card_choices":[{"not_picked":["Barrage","Beam Cell"],"picked":"Streamline","floor":1},{"not_picked":["Stack","Turbo"],"picked":"Coolheaded","floor":2},{"not_picked":["Stack","Undo"],"picked":"Glacier","floor":4},{"not_picked":["Doom and Gloom","Meteor Strike"],"picked":"Capacitor","floor":7},{"not_picked":["Sweeping Beam","Consume"],"picked":"Leap","floor":12},{"not_picked":["Gash","Ball Lightning"],"picked":"Cold Snap","floor":13},{"not_picked":["Defragment","Go for the Eyes"],"picked":"Electrodynamics","floor":14},{"not_picked":["All For One","Buffer","Seek"],"picked":"Echo Form","floor":16},{"not_picked":["Darkness+1","Rebound","Beam Cell"],"picked":"Lockon","floor":18},{"not_picked":["Rebound","Conserve Battery","Stack+1"],"picked":"Ball Lightning","floor":19},{"not_picked":["Rebound","Coolheaded","Beam Cell"],"picked":"Blizzard","floor":21},{"not_picked":["Coolheaded","Sweeping Beam","Leap"],"picked":"Echo Form","floor":24},{"not_picked":["Coolheaded","Streamline","Leap+1","Stack"],"picked":"SKIP","floor":25},{"not_picked":["Sweeping Beam","Barrage+1","Rip and Tear","Melter"],"picked":"SKIP","floor":30},{"not_picked":["Blizzard+1","Undo","Glacier"],"picked":"Turbo","floor":31},{"not_picked":["Buffer","Electrodynamics","Multi-Cast"],"picked":"Rainbow","floor":33},{"not_picked":["Coolheaded+1","Stack+1","Redo"],"picked":"Hologram+1","floor":35},{"not_picked":["Biased Cognition","Hologram","Go for the Eyes"],"picked":"Consume+1","floor":37}],"player_experience":61928,"relics_obtained":[{"floor":7,"key":"Blood Vial"},{"floor":14,"key":"Question Card"},{"floor":24,"key":"PreservedInsect"},{"floor":26,"key":"Matryoshka"},{"floor":29,"key":"Enchiridion"}],"event_choices":[{"cards_removed":["Strike_B"],"damage_healed":0,"gold_gain":0,"player_choice":"Card Removal","damage_taken":7,"max_hp_gain":0,"max_hp_loss":0,"event_name":"Golden Wing","floor":3,"gold_loss":0},{"damage_healed":0,"gold_gain":0,"player_choice":"Donut","damage_taken":0,"max_hp_gain":5,"max_hp_loss":0,"event_name":"Big Fish","floor":5,"gold_loss":0},{"damage_healed":0,"gold_gain":0,"player_choice":"Entered Light","damage_taken":16,"max_hp_gain":0,"max_hp_loss":0,"event_name":"Shining Light","floor":11,"gold_loss":0,"cards_upgraded":["Coolheaded","Defend_B"]},{"cards_removed":["Defend_B"],"damage_healed":0,"gold_gain":0,"player_choice":"Gave Gold","damage_taken":0,"max_hp_gain":0,"max_hp_loss":0,"event_name":"Beggar","floor":20,"gold_loss":75},{"damage_healed":0,"gold_gain":0,"player_choice":"Ignored","damage_taken":0,"max_hp_gain":0,"max_hp_loss":0,"event_name":"The Mausoleum","floor":28,"gold_loss":0},{"damage_healed":0,"gold_gain":0,"player_choice":"Obtained Book","damage_taken":16,"max_hp_gain":0,"max_hp_loss":0,"event_name":"Cursed Tome","floor":29,"gold_loss":0},{"damage_healed":0,"gold_gain":0,"player_choice":"Ignored","damage_taken":0,"max_hp_gain":0,"max_hp_loss":0,"event_name":"Tomb of Lord Red Mask","floor":36,"gold_loss":0},{"damage_healed":0,"gold_gain":0,"player_choice":"Fight","damage_taken":0,"max_hp_gain":0,"max_hp_loss":0,"event_name":"Mysterious Sphere","floor":39,"gold_loss":0}],"is_beta":false,"boss_relics":[{"not_picked":["Astrolabe","SacredBark"],"picked":"SlaversCollar"},{"not_picked":["Coffee Dripper","Fusion Hammer"],"picked":"Runic Pyramid"}],"items_purged_floors":[],"is_endless":false,"potions_floor_spawned":[7,12,14,16,24,25,30,31],"killed_by":"2 Orb Walkers","ascension_level":2}