{"gold_per_floor":[115,115,115,40,60,60,78,109,195,207],"floor_reached":10,"playtime":984,"items_purged":["Strike_B"],"score":86,"play_id":"3e602936-147e-4610-9fe0-fbfd0c061d2a","local_time":"20201021150324","is_ascension_mode":true,"campfire_choices":[{"floor":6,"key":"REST"}],"neow_cost":"NONE","seed_source_timestamp":882504259500,"circlet_count":0,"master_deck":["Strike_B","Strike_B","Strike_B","Defend_B","Defend_B","Defend_B","Defend_B","Zap","Dualcast","Mind Blast","Hologram","Go for the Eyes","Conserve Battery","BootSequence"],"relics":["Cracked Core","Golden Idol","Lantern","MawBank","Bottled Flame"],"potions_floor_usage":[8],"damage_taken":[{"damage":2,"enemies":"Jaw Worm","floor":1,"turns":4},{"damage":10,"enemies":"2 Louse","floor":5,"turns":2},{"damage":0,"enemies":"Cultist","floor":7,"turns":3},{"damage":15,"enemies":"3 Sentries","floor":8,"turns":9},{"damage":31,"enemies":"Gremlin Nob","floor":10,"turns":4}],"seed_played":"-4943732029379530051","potions_obtained":[{"floor":7,"key":"Fire Potion"}],"is_trial":false,"path_per_floor":["M","?","?","$","M","R","M","E","T","E"],"character_chosen":"DEFECT","items_purchased":[],"campfire_rested":1,"item_purchase_floors":[],"current_hp_per_floor":[66,48,30,30,20,42,42,27,27,0],"gold":207,"neow_bonus":"RANDOM_COLORLESS","is_prod":false,"is_daily":false,"chose_seed":false,"campfire_upgraded":0,"win_rate":0,"timestamp":1603310604,"path_taken":["M","?","?","?","M","R","M","E","T","E"],"build_version":"2020-07-30","purchased_purges":1,"victory":false,"max_hp_per_floor":[75,75,75,75,75,75,75,75,75,75],"card_choices":[{"not_picked":["Trip","Swift Strike"],"picked":"Mind Blast","floor":0},{"not_picked":["Compile Driver","Reinforced Body"],"picked":"Hologram","floor":1},{"not_picked":["Storm","Double Energy"],"picked":"Go for the Eyes","floor":5},{"not_picked":["Coolheaded","Redo"],"picked":"Conserve Battery","floor":7},{"not_picked":["Rebound","Hologram"],"picked":"BootSequence","floor":8}],"player_experience":110491,"relics_obtained":[{"floor":8,"key":"MawBank"},{"floor":9,"key":"Bottled Flame"}],"event_choices":[{"damage_healed":0,"gold_gain":0,"player_choice":"Take Damage","damage_taken":18,"relics_obtained":["Golden Idol"],"max_hp_gain":0,"max_hp_loss":0,"event_name":"Golden Idol","floor":2,"gold_loss":0},{"damage_healed":0,"gold_gain":0,"player_choice":"Success","damage_taken":18,"relics_obtained":["Lantern"],"max_hp_gain":0,"max_hp_loss":0,"event_name":"Scrap Ooze","floor":3,"gold_loss":0}],"is_beta":false,"boss_relics":[],"items_purged_floors":[4],"is_endless":false,"potions_floor_spawned":[7],"killed_by":"Gremlin Nob","ascension_level":6}