{"gold_per_floor":[113,131,143,143,161,161,188,188,188,221,241,298,298,318,318,418,418,432,532,631,642,653,653,8,41,41,41,54,79,79,110,110,213,213,231,231,245,600,612,637,637,664,664,684,700,729,749,766,766,766],"floor_reached":51,"playtime":7005,"items_purged":["Pain"],"score":1130,"play_id":"f65abc13-25b1-45dc-a89a-3011ce4e738f","local_time":"20201020142410","is_ascension_mode":true,"campfire_choices":[{"data":"Ball Lightning","floor":6,"key":"SMITH"},{"data":"Fusion","floor":8,"key":"SMITH"},{"floor":13,"key":"REST"},{"data":"Genetic Algorithm","floor":15,"key":"SMITH"},{"floor":23,"key":"REST"},{"floor":32,"key":"REST"},{"floor":41,"key":"REST"},{"floor":49,"key":"REST"}],"neow_cost":"NONE","seed_source_timestamp":561947353200,"circlet_count":0,"master_deck":["Strike_B","Strike_B","Strike_B","Strike_B","Defend_B","Defend_B+1","Defend_B","Defend_B","Zap+1","Dualcast","Leap","Coolheaded","Go for the Eyes","Ball Lightning+1","Fusion+1","Biased Cognition","Capacitor","Genetic Algorithm+1","Electrodynamics","Stack+1","Barrage","Conserve Battery+1","Force Field","Multi-Cast","Echo Form","Hologram+1","Lockon+1","Melter+1","Glacier+1"],"relics":["Cracked Core","WarpedTongs","Toy Ornithopter","Juzu Bracelet","Matryoshka","Pocketwatch","Fusion Hammer","Meat on the Bone","Gremlin Horn","Symbiotic Virus","White Beast Statue","War Paint","Shuriken","Darkstone Periapt","Cursed Key","Boot","Old Coin","Pear","Omamori","Vajra","Orichalcum"],"potions_floor_usage":[12,12,16,29,29,31,33,35,37,38,40,42,44,45,46,50,50,50],"damage_taken":[{"damage":0,"enemies":"Small Slimes","floor":1,"turns":2},{"damage":0,"enemies":"Cultist","floor":2,"turns":3},{"damage":7,"enemies":"Jaw Worm","floor":3,"turns":2},{"damage":5,"enemies":"3 Louse","floor":5,"turns":3},{"damage":15,"enemies":"Gremlin Nob","floor":7,"turns":4},{"damage":22,"enemies":"3 Sentries","floor":10,"turns":7},{"damage":2,"enemies":"Red Slaver","floor":11,"turns":4},{"damage":4,"enemies":"Gremlin Nob","floor":12,"turns":4},{"damage":12,"enemies":"Exordium Wildlife","floor":14,"turns":3},{"damage":14,"enemies":"The Guardian","floor":16,"turns":10},{"damage":19,"enemies":"Chosen","floor":18,"turns":5},{"damage":5,"enemies":"Spheric Guardian","floor":21,"turns":6},{"damage":29,"enemies":"Cultist and Chosen","floor":22,"turns":6},{"damage":11,"enemies":"Gremlin Leader","floor":25,"turns":5},{"damage":13,"enemies":"Shelled Parasite and Fungi","floor":28,"turns":6},{"damage":4,"enemies":"Book of Stabbing","floor":29,"turns":4},{"damage":0,"enemies":"Gremlin Leader","floor":31,"turns":4},{"damage":36,"enemies":"Collector","floor":33,"turns":7},{"damage":0,"enemies":"3 Shapes","floor":35,"turns":3},{"damage":18,"enemies":"3 Darklings","floor":37,"turns":4},{"damage":25,"enemies":"2 Orb Walkers","floor":38,"turns":4},{"damage":15,"enemies":"Transient","floor":39,"turns":5},{"damage":31,"enemies":"Reptomancer","floor":40,"turns":8},{"damage":7,"enemies":"Giant Head","floor":42,"turns":5},{"damage":21,"enemies":"Jaw Worm Horde","floor":44,"turns":3},{"damage":3,"enemies":"4 Shapes","floor":45,"turns":5},{"damage":22,"enemies":"Reptomancer","floor":46,"turns":8},{"damage":22,"enemies":"Writhing Mass","floor":47,"turns":5},{"damage":26,"enemies":"Spire Growth","floor":48,"turns":6},{"damage":38,"enemies":"Time Eater","floor":50,"turns":10}],"seed_played":"3709555942388489706","potions_obtained":[{"floor":5,"key":"Block Potion"},{"floor":11,"key":"SkillPotion"},{"floor":14,"key":"ColorlessPotion"},{"floor":18,"key":"Dexterity Potion"},{"floor":28,"key":"SneckoOil"},{"floor":29,"key":"Swift Potion"},{"floor":31,"key":"Ancient Potion"},{"floor":33,"key":"ColorlessPotion"},{"floor":35,"key":"Fruit Juice"},{"floor":37,"key":"FocusPotion"},{"floor":38,"key":"Fruit Juice"},{"floor":39,"key":"Weak Potion"},{"floor":40,"key":"FearPotion"},{"floor":42,"key":"Dexterity Potion"},{"floor":44,"key":"Weak Potion"},{"floor":45,"key":"ColorlessPotion"},{"floor":46,"key":"Explosive Potion"},{"floor":48,"key":"PotionOfCapacity"}],"is_trial":false,"path_per_floor":["M","M","M","?","M","R","E","R","T","E","M","?","R","M","R","B",null,"M","?","?","M","M","R","$","E","T","?","M","E","?","E","R","B",null,"M","?","M","?","M","E","R","E","T","M","M","E","M","M","R","B",null],"character_chosen":"DEFECT","items_purchased":["Meat on the Bone","Gremlin Horn","AttackPotion"],"campfire_rested":5,"item_purchase_floors":[24,24,24],"current_hp_per_floor":[75,75,68,68,63,63,48,48,48,26,24,30,52,40,40,31,64,45,45,45,40,11,33,33,34,34,59,46,52,52,57,75,39,66,71,71,57,49,46,42,67,65,65,54,61,56,46,32,60,49],"gold":766,"neow_bonus":"UPGRADE_CARD","is_prod":false,"is_daily":false,"chose_seed":false,"campfire_upgraded":3,"win_rate":0,"timestamp":1603221850,"path_taken":["M","M","M","?","?","R","E","R","T","E","M","?","R","M","R","BOSS","M","?","?","M","M","R","$","E","T","?","M","E","?","E","R","BOSS","M","?","M","?","M","E","R","E","T","M","M","E","M","M","R","BOSS"],"build_version":"2020-07-30","purchased_purges":1,"victory":true,"max_hp_per_floor":[75,75,75,75,75,75,75,75,75,75,75,75,75,75,75,75,75,75,75,75,75,75,75,75,75,75,75,75,75,75,75,75,75,75,75,75,75,75,75,85,85,85,85,90,95,95,95,95,95,95],"card_choices":[{"not_picked":["Compile Driver","Hello World"],"picked":"Leap","floor":1},{"not_picked":["Streamline","Leap"],"picked":"Coolheaded","floor":2},{"not_picked":["Streamline","Hologram"],"picked":"Go for the Eyes","floor":3},{"not_picked":["Conserve Battery","Go for the Eyes"],"picked":"Ball Lightning","floor":5},{"not_picked":["Chill","Tempest"],"picked":"Fusion","floor":7},{"not_picked":["Gash","Go for the Eyes"],"picked":"Biased Cognition","floor":10},{"not_picked":["Turbo","Compile Driver","Coolheaded"],"picked":"SKIP","floor":11},{"not_picked":["All For One","Rebound"],"picked":"Capacitor","floor":12},{"not_picked":["Hologram","Cold Snap"],"picked":"Genetic Algorithm","floor":14},{"not_picked":["Meteor Strike","Multi-Cast"],"picked":"Electrodynamics","floor":16},{"not_picked":["Static Discharge","Go for the Eyes+1"],"picked":"Stack+1","floor":18},{"not_picked":["Ball Lightning","Coolheaded"],"picked":"Barrage","floor":21},{"not_picked":["Beam Cell+1","Gash","Rebound"],"picked":"SKIP","floor":22},{"not_picked":["Steam","Tempest"],"picked":"Conserve Battery","floor":25},{"not_picked":["Sweeping Beam","Aggregate"],"picked":"Force Field","floor":28},{"not_picked":["Seek","Recycle"],"picked":"Rainbow","floor":29},{"not_picked":["Reprogram","Ball Lightning"],"picked":"Multi-Cast","floor":31},{"not_picked":["Hyperbeam","Reboot"],"picked":"Echo Form","floor":33},{"not_picked":["Turbo+1","Leap+1","Rebound"],"picked":"SKIP","floor":35},{"not_picked":["Redo","Ball Lightning","Hologram+1"],"picked":"SKIP","floor":37},{"not_picked":["Streamline","Compile Driver+1"],"picked":"Hologram+1","floor":39},{"not_picked":["Reboot","Aggregate"],"picked":"Lockon+1","floor":40},{"not_picked":["Steam Power","Genetic Algorithm","Skim"],"picked":"SKIP","floor":42},{"not_picked":["Hologram","Leap+1"],"picked":"Melter+1","floor":44},{"not_picked":["Beam Cell+1","Scrape+1"],"picked":"Glacier+1","floor":45},{"not_picked":["Hologram","Redo","Compile Driver"],"picked":"SKIP","floor":46},{"not_picked":["Blizzard","Glacier","Gash+1"],"picked":"SKIP","floor":47},{"not_picked":["Storm","Redo","Beam Cell"],"picked":"SKIP","floor":48}],"player_experience":103486,"relics_obtained":[{"floor":7,"key":"Toy Ornithopter"},{"floor":9,"key":"Juzu Bracelet"},{"floor":10,"key":"Matryoshka"},{"floor":12,"key":"Pocketwatch"},{"floor":25,"key":"Symbiotic Virus"},{"floor":26,"key":"White Beast Statue"},{"floor":26,"key":"War Paint"},{"floor":29,"key":"Shuriken"},{"floor":31,"key":"Darkstone Periapt"},{"floor":38,"key":"Old Coin"},{"floor":40,"key":"Pear"},{"floor":42,"key":"Omamori"},{"floor":43,"key":"Vajra"},{"floor":46,"key":"Orichalcum"}],"event_choices":[{"damage_healed":0,"gold_gain":0,"player_choice":"Rummage","damage_taken":0,"relics_obtained":["WarpedTongs"],"max_hp_gain":0,"max_hp_loss":0,"event_name":"Accursed Blacksmith","floor":4,"gold_loss":0,"cards_obtained":["Pain"]},{"damage_healed":0,"gold_gain":0,"player_choice":"Searched \u00271\u0027 times","damage_taken":0,"max_hp_gain":0,"max_hp_loss":0,"event_name":"Dead Adventurer","floor":12,"gold_loss":0},{"damage_healed":0,"gold_gain":100,"player_choice":"Pray","damage_taken":0,"max_hp_gain":0,"max_hp_loss":0,"event_name":"Golden Shrine","floor":19,"gold_loss":0},{"damage_healed":0,"gold_gain":99,"player_choice":"Stole From Cult","damage_taken":0,"max_hp_gain":0,"max_hp_loss":0,"event_name":"Nest","floor":20,"gold_loss":0},{"damage_healed":25,"gold_gain":0,"player_choice":"Heal","damage_taken":0,"max_hp_gain":0,"max_hp_loss":0,"event_name":"The Library","floor":27,"gold_loss":0},{"damage_healed":0,"gold_gain":0,"player_choice":"Ignored","damage_taken":0,"max_hp_gain":0,"max_hp_loss":0,"event_name":"Vampires","floor":30,"gold_loss":0},{"cards_removed":["Rainbow"],"damage_healed":0,"gold_gain":0,"player_choice":"Gave Card","damage_taken":0,"relics_obtained":["Boot"],"max_hp_gain":0,"max_hp_loss":0,"event_name":"WeMeetAgain","floor":36,"gold_loss":0},{"damage_healed":0,"gold_gain":0,"player_choice":"Fight","damage_taken":0,"max_hp_gain":0,"max_hp_loss":0,"event_name":"Mysterious Sphere","floor":38,"gold_loss":0}],"is_beta":false,"boss_relics":[{"not_picked":["Empty Cage","Sozu"],"picked":"Fusion Hammer"},{"not_picked":["Busted Crown","Runic Dome"],"picked":"Cursed Key"}],"items_purged_floors":[24],"is_endless":false,"potions_floor_spawned":[5,11,14,18,28,29,31,33,35,37,38,39,40,42,44,45,46,47,48],"ascension_level":5}