{"gold_per_floor":[114,64,77,92,110,110,140,140,167,183,183,183,218,276,276,376,376,393,413,35,45,55,55,83,83,110,110,128,128,128,163,163,262,262,274,288,303,322,338,364,364,364,412,412,445,445,464,480,480,480,480,480,30,58,58],"floor_reached":55,"playtime":6109,"items_purged":["Strike_B","Strike_B"],"score":900,"play_id":"1be0ac1b-d3ab-4169-a2aa-ec01e3d4d28c","local_time":"20201018220800","is_ascension_mode":true,"campfire_choices":[{"data":"Zap","floor":6.0,"key":"SMITH"},{"data":"Dualcast","floor":8.0,"key":"SMITH"},{"data":"Self Repair","floor":12.0,"key":"SMITH"},{"data":"Ball Lightning","floor":15.0,"key":"SMITH"},{"data":"Thunder Strike","floor":23.0,"key":"SMITH"},{"data":"Redo","floor":25.0,"key":"SMITH"},{"data":"Ball Lightning","floor":27.0,"key":"SMITH"},{"data":"Ball Lightning","floor":29.0,"key":"SMITH"},{"data":"Conserve Battery","floor":32.0,"key":"SMITH"},{"data":"Biased Cognition","floor":44,"key":"SMITH"},{"floor":46,"key":"REST"},{"floor":49,"key":"RECALL"},{"data":"Loop","floor":52,"key":"SMITH"}],"neow_cost":"NONE","seed_source_timestamp":0,"circlet_count":0,"master_deck":["Defend_B","Defend_B","Defend_B","Defend_B","Zap+1","Dualcast+1","Ball Lightning+1","Self Repair+1","Glacier","Ball Lightning+1","Core Surge+1","Steam","Ball Lightning+1","Thunder Strike+1","Conserve Battery+1","Redo+1","Go for the Eyes+1","BootSequence+1","Steam+1","Biased Cognition+1","Coolheaded+1","Go for the Eyes+1","Fusion+1","Ball Lightning+1","Loop+1"],"special_seed":0,"relics":["FrozenCore","Bronze Scales","Bag of Marbles","PreservedInsect","Pocketwatch","Letter Opener","Gremlin Horn","Whetstone","Orichalcum","Sozu","Bottled Tornado","Blood Vial","Smiling Mask","Bottled Flame","Chemical X","Boot"],"potions_floor_usage":[36,47,54],"damage_taken":[{"damage":0.0,"enemies":"Small Slimes","floor":1.0,"turns":3.0},{"damage":2.0,"enemies":"Jaw Worm","floor":3.0,"turns":3.0},{"damage":1.0,"enemies":"Cultist","floor":4.0,"turns":3.0},{"damage":0.0,"enemies":"Exordium Wildlife","floor":5.0,"turns":3.0},{"damage":34.0,"enemies":"Lagavulin","floor":7.0,"turns":6.0},{"damage":3.0,"enemies":"3 Louse","floor":10.0,"turns":2.0},{"damage":13.0,"enemies":"3 Sentries","floor":13.0,"turns":5.0},{"damage":0.0,"enemies":"Gremlin Nob","floor":14.0,"turns":2.0},{"damage":16.0,"enemies":"Hexaghost","floor":16.0,"turns":8.0},{"damage":11.0,"enemies":"2 Thieves","floor":18.0,"turns":4.0},{"damage":6.0,"enemies":"Chosen","floor":19.0,"turns":3.0},{"damage":7.0,"enemies":"Sentry and Sphere","floor":21.0,"turns":5.0},{"damage":0.0,"enemies":"Cultist and Chosen","floor":22.0,"turns":6.0},{"damage":11.0,"enemies":"Slavers","floor":24.0,"turns":4.0},{"damage":6.0,"enemies":"Shelled Parasite and Fungi","floor":28.0,"turns":4.0},{"damage":7.0,"enemies":"Gremlin Leader","floor":31.0,"turns":6.0},{"damage":57.0,"enemies":"Collector","floor":33.0,"turns":9.0},{"damage":20,"enemies":"3 Shapes","floor":35,"turns":3},{"damage":10,"enemies":"3 Darklings","floor":36,"turns":2},{"damage":0,"enemies":"Sphere and 2 Shapes","floor":37,"turns":4},{"damage":0,"enemies":"4 Shapes","floor":38,"turns":3},{"damage":10,"enemies":"3 Darklings","floor":39,"turns":4},{"damage":9,"enemies":"Nemesis","floor":40,"turns":7},{"damage":34,"enemies":"Reptomancer","floor":45,"turns":6},{"damage":12,"enemies":"Spire Growth","floor":47,"turns":5},{"damage":0,"enemies":"Sphere and 2 Shapes","floor":48,"turns":5},{"damage":80,"enemies":"Time Eater","floor":50,"turns":11},{"damage":26,"enemies":"Shield and Spear","floor":54,"turns":5},{"damage":70,"enemies":"The Heart","floor":55,"turns":5}],"seed_played":"9094965138838576678","potions_obtained":[{"floor":4.0,"key":"Ancient Potion"},{"floor":5.0,"key":"SmokeBomb"},{"floor":7.0,"key":"BlessingOfTheForge"},{"floor":19.0,"key":"DistilledChaos"},{"floor":28.0,"key":"Energy Potion"},{"floor":33.0,"key":"SkillPotion"}],"is_trial":false,"path_per_floor":["M","?","M","M","M","R","E","R","T","M","?","R","E","?","R","B",null,"M","M","$","M","M","R","E","R","T","R","M","R","?","E","R","B",null,"M","M","M","M","M","E","T","?","T","R","E","R","M","M","R","B",null,"R","$","E","B"],"character_chosen":"DEFECT","items_purchased":["Letter Opener","Redo","Bottled Flame","Chemical X"],"campfire_rested":1,"item_purchase_floors":[20,20,53,53],"current_hp_per_floor":[82,82,80,82,82,82,55,55,55,52,45,45,42,52,52,46,82,71,75,75,78,82,82,81,81,81,81,82,82,82,82,82,35,82,72,62,72,82,82,82,82,82,82,82,58,82,80,82,82,12,82,82,82,56,0],"gold":58,"neow_bonus":"TEN_PERCENT_HP_BONUS","is_prod":false,"is_daily":false,"chose_seed":false,"campfire_upgraded":11,"win_rate":0,"timestamp":1603076880,"path_taken":["M","?","M","M","M","R","E","R","T","M","?","R","E","?","R","BOSS","M","M","$","M","M","R","E","R","T","R","M","R","?","E","R","BOSS","M","M","M","M","M","E","?","?","T","R","E","R","M","M","R","BOSS","R","$","E","BOSS"],"build_version":"2020-07-30","purchased_purges":2,"victory":false,"max_hp_per_floor":[82,82,82,82,82,82,82,82,82,82,82,82,82,82,82,82,82,82,82,82,82,82,82,82,82,82,82,82,82,82,82,82,82,82,82,82,82,82,82,82,82,82,82,82,82,82,82,82,82,82,82,82,82,82,82],"card_choices":[{"not_picked":["Rebound","Gash"],"picked":"Ball Lightning","floor":1.0},{"not_picked":["Reprogram","Darkness"],"picked":"Self Repair","floor":3.0},{"not_picked":["Loop","Storm"],"picked":"Glacier","floor":4.0},{"not_picked":["Rebound","Barrage"],"picked":"Ball Lightning","floor":5.0},{"not_picked":["Redo","Sweeping Beam"],"picked":"Core Surge","floor":7.0},{"not_picked":["Reprogram","Gash","Double Energy"],"picked":"SKIP","floor":10.0},{"not_picked":["Beam Cell","Stack"],"picked":"Steam","floor":13.0},{"not_picked":["Barrage","Rip and Tear"],"picked":"Ball Lightning","floor":14.0},{"not_picked":["Fission","Reboot"],"picked":"Thunder Strike","floor":16.0},{"not_picked":["Leap","Gash","Ball Lightning"],"picked":"SKIP","floor":18.0},{"not_picked":["Rip and Tear","Reprogram"],"picked":"Conserve Battery","floor":19.0},{"not_picked":["Gash","Genetic Algorithm"],"picked":"Go for the Eyes","floor":21.0},{"not_picked":["Fission","Compile Driver"],"picked":"BootSequence+1","floor":22.0},{"not_picked":["Skim","Recycle","Go for the Eyes"],"picked":"SKIP","floor":24.0},{"not_picked":["Gash+1","Go for the Eyes"],"picked":"Steam+1","floor":28.0},{"not_picked":["Turbo","Go for the Eyes","Leap"],"picked":"SKIP","floor":31.0},{"not_picked":["Creative AI","Core Surge"],"picked":"Biased Cognition","floor":33.0},{"not_picked":["Darkness+1","Beam Cell"],"picked":"Coolheaded+1","floor":35},{"not_picked":["Barrage+1","Turbo","Genetic Algorithm+1"],"picked":"SKIP","floor":36},{"not_picked":["Conserve Battery+1","Rip and Tear+1","Cold Snap+1"],"picked":"SKIP","floor":37},{"not_picked":["Turbo","Steam+1"],"picked":"Go for the Eyes+1","floor":38},{"not_picked":["Rebound+1","Gash","Conserve Battery"],"picked":"SKIP","floor":39},{"not_picked":["Reinforced Body+1","Compile Driver+1"],"picked":"Fusion+1","floor":40},{"not_picked":["Skim+1","Aggregate+1","Redo"],"picked":"SKIP","floor":45},{"not_picked":["Fusion+1","Turbo+1"],"picked":"Ball Lightning+1","floor":47},{"not_picked":["Rebound","Barrage+1"],"picked":"Loop","floor":48},{"not_picked":["Hyperbeam","Sweeping Beam+1","Compile Driver+1"],"picked":"SKIP","floor":54}],"player_experience":87855,"relics_obtained":[{"floor":7.0,"key":"Bronze Scales"},{"floor":9.0,"key":"Bag of Marbles"},{"floor":13.0,"key":"PreservedInsect"},{"floor":24.0,"key":"Gremlin Horn"},{"floor":26.0,"key":"Whetstone"},{"floor":31.0,"key":"Orichalcum"},{"floor":40,"key":"Bottled Tornado"},{"floor":43,"key":"Blood Vial"},{"floor":45,"key":"Smiling Mask"},{"floor":54,"key":"Boot"}],"event_choices":[{"cards_removed":["Strike_B"],"damage_healed":0.0,"max_hp_gain":0.0,"max_hp_loss":0.0,"gold_gain":0.0,"event_name":"The Cleric","player_choice":"Card Removal","floor":2.0,"gold_loss":50.0,"damage_taken":0.0},{"cards_removed":["Strike_B"],"damage_healed":0.0,"max_hp_gain":0.0,"max_hp_loss":0.0,"gold_gain":0.0,"event_name":"Golden Wing","player_choice":"Card Removal","floor":11.0,"gold_loss":0.0,"damage_taken":7.0},{"damage_healed":0.0,"max_hp_gain":0.0,"max_hp_loss":0.0,"gold_gain":0.0,"event_name":"Dead Adventurer","player_choice":"Searched \u00272\u0027 times","floor":14.0,"gold_loss":0.0,"damage_taken":0.0,"relics_obtained":["Pocketwatch"]},{"damage_healed":0.0,"max_hp_gain":0.0,"max_hp_loss":0.0,"gold_gain":0.0,"event_name":"N\u0027loth","player_choice":"Ignored","floor":30.0,"gold_loss":0.0,"damage_taken":0.0},{"damage_healed":0,"gold_gain":0,"player_choice":"Ignored","damage_taken":0,"max_hp_gain":0,"max_hp_loss":0,"event_name":"Tomb of Lord Red Mask","floor":42,"gold_loss":0}],"is_beta":false,"boss_relics":[{"not_picked":["Nuclear Battery","Busted Crown"],"picked":"FrozenCore"},{"not_picked":["Black Star","Snecko Eye"],"picked":"Sozu"}],"items_purged_floors":[20,53],"is_endless":false,"potions_floor_spawned":[4,5,7,19,22,24,28,33,35,38,40,47,48],"killed_by":"The Heart","ascension_level":4}