{"gold_per_floor":[109,35,51,69,89,89,101,101,179,179,197,197,215,249,249,344,344,358,368,368,86,97,97,124,24,76,106,141,172,172,188,188,283,283,300,312,326,57,69,69,86,138,138,138,155,167,192,203,203,203,203,203,53,82,82],"floor_reached":55,"playtime":7023,"items_purged":["Strike_B","Strike_B","Melter","Melter"],"score":992,"play_id":"b18b1e08-a45b-4719-bda5-89cd4ccea4e4","local_time":"20201026211009","is_ascension_mode":true,"campfire_choices":[{"floor":6.0,"key":"REST"},{"data":"Self Repair","floor":10.0,"key":"SMITH"},{"floor":15.0,"key":"REST"},{"data":"Defragment","floor":23.0,"key":"SMITH"},{"data":"Zap","floor":32.0,"key":"SMITH"},{"floor":40.0,"key":"RECALL"},{"data":"Buffer","floor":44.0,"key":"SMITH"},{"floor":49.0,"key":"DIG"},{"floor":52,"key":"DIG"}],"neow_cost":"NONE","seed_source_timestamp":195724312300,"circlet_count":0,"master_deck":["Defend_B","Defend_B","Defend_B","Zap+1","Dualcast+1","Self Repair+1","Loop+1","Genetic Algorithm","Steam","Coolheaded","Cold Snap","BootSequence","Electrodynamics+1","Self Repair+1","Sunder","Defragment+1","Conserve Battery","Glacier","Force Field+1","Cold Snap+1","Biased Cognition","Skim","Ball Lightning","Buffer+1","Lockon","Static Discharge","Go for the Eyes+1","Amplify","Creative AI"],"special_seed":0,"relics":["Cracked Core","PreservedInsect","Ginger","Nuclear Battery","Nloth\u0027s Gift","Nunchaku","Happy Flower","Shuriken","Red Mask","Sundial","Velvet Choker","Shovel","Molten Egg 2","Lantern","HornCleat","Mercury Hourglass"],"potions_floor_usage":[55,55],"damage_taken":[{"damage":0.0,"enemies":"Cultist","floor":1.0,"turns":4.0},{"damage":12.0,"enemies":"Jaw Worm","floor":3.0,"turns":3.0},{"damage":25.0,"enemies":"Small Slimes","floor":4.0,"turns":3.0},{"damage":26.0,"enemies":"Gremlin Gang","floor":5.0,"turns":3.0},{"damage":7.0,"enemies":"Blue Slaver","floor":7.0,"turns":3.0},{"damage":21.0,"enemies":"Exordium Thugs","floor":11.0,"turns":7.0},{"damage":4.0,"enemies":"2 Fungi Beasts","floor":13.0,"turns":3.0},{"damage":9.0,"enemies":"3 Sentries","floor":14.0,"turns":6.0},{"damage":33.0,"enemies":"Slime Boss","floor":16.0,"turns":12.0},{"damage":13.0,"enemies":"3 Byrds","floor":18.0,"turns":4.0},{"damage":0.0,"enemies":"Spheric Guardian","floor":19.0,"turns":1.0},{"damage":15.0,"enemies":"Snake Plant","floor":22.0,"turns":3.0},{"damage":0.0,"enemies":"Gremlin Leader","floor":24.0,"turns":5.0},{"damage":8.0,"enemies":"Slavers","floor":27.0,"turns":3.0},{"damage":0.0,"enemies":"Masked Bandits","floor":28.0,"turns":4.0},{"damage":0.0,"enemies":"Gremlin Leader","floor":29.0,"turns":5.0},{"damage":19.0,"enemies":"Shelled Parasite and Fungi","floor":31.0,"turns":7.0},{"damage":26.0,"enemies":"Champ","floor":33.0,"turns":10.0},{"damage":6.0,"enemies":"Orb Walker","floor":35.0,"turns":3.0},{"damage":0.0,"enemies":"3 Darklings","floor":36.0,"turns":4.0},{"damage":13.0,"enemies":"Jaw Worm Horde","floor":37.0,"turns":3.0},{"damage":2.0,"enemies":"Sphere and 2 Shapes","floor":39.0,"turns":5.0},{"damage":21.0,"enemies":"Transient","floor":41.0,"turns":5.0},{"damage":26.0,"enemies":"2 Orb Walkers","floor":42.0,"turns":7.0},{"damage":18.0,"enemies":"Jaw Worm Horde","floor":45.0,"turns":4.0},{"damage":0.0,"enemies":"Sphere and 2 Shapes","floor":46.0,"turns":3.0},{"damage":21.0,"enemies":"Reptomancer","floor":47.0,"turns":4.0},{"damage":1.0,"enemies":"Spire Growth","floor":48.0,"turns":6.0},{"damage":49,"enemies":"Time Eater","floor":50,"turns":14},{"damage":36,"enemies":"Shield and Spear","floor":54,"turns":12},{"damage":61,"enemies":"The Heart","floor":55,"turns":6}],"seed_played":"1178473729096786256","potions_obtained":[{"floor":1.0,"key":"Ancient Potion"},{"floor":3.0,"key":"LiquidMemories"},{"floor":4.0,"key":"EssenceOfDarkness"},{"floor":14.0,"key":"SkillPotion"},{"floor":19.0,"key":"Explosive Potion"},{"floor":22.0,"key":"Dexterity Potion"},{"floor":29.0,"key":"GamblersBrew"},{"floor":35.0,"key":"FearPotion"},{"floor":45.0,"key":"SmokeBomb"}],"is_trial":false,"path_per_floor":["M","$","M","M","M","R","M","?","T","R","M","?","M","E","R","B",null,"M","M","?","$","M","R","E","$","T","E","?","E","?","M","R","B",null,"M","M","M","$","M","R","M","?","T","R","M","M","E","M","R","B",null,"R","$","E","B"],"character_chosen":"DEFECT","items_purchased":["Loop","Sunder","Defragment","Fire Potion","Static Discharge","LiquidBronze"],"campfire_rested":2,"item_purchase_floors":[2,21,21,21,38,38],"current_hp_per_floor":[68,68,63,45,26,48,48,33,33,33,22,22,28,19,41,18,61,58,58,58,58,43,43,63,63,63,75,75,75,75,75,75,69,74,75,75,62,62,75,75,64,58,58,58,50,60,59,75,75,36,65,65,65,59,0],"gold":82,"neow_bonus":"RANDOM_COMMON_RELIC","is_prod":false,"is_daily":false,"chose_seed":false,"campfire_upgraded":4,"win_rate":0,"timestamp":1603764609,"path_taken":["M","$","M","M","?","R","M","?","T","R","M","?","?","E","R","BOSS","M","M","?","$","M","R","E","?","T","E","?","E","?","M","R","BOSS","M","M","M","$","M","R","M","?","T","R","M","M","E","M","R","BOSS","R","$","E","BOSS"],"build_version":"2020-07-30","purchased_purges":4,"victory":false,"max_hp_per_floor":[75,75,75,75,75,75,75,75,75,75,75,75,75,75,75,75,75,75,75,75,75,75,75,75,75,75,75,75,75,75,75,75,75,75,75,75,75,75,75,75,75,75,75,75,75,75,75,75,75,75,75,75,75,75,75],"card_choices":[{"not_picked":["Sweeping Beam","Rebound"],"picked":"Self Repair","floor":1.0},{"not_picked":["Storm","Redo"],"picked":"Genetic Algorithm","floor":3.0},{"not_picked":["Recycle","Hello World"],"picked":"Steam","floor":4.0},{"not_picked":["Reprogram","Heatsinks"],"picked":"Coolheaded","floor":5.0},{"not_picked":["Undo","Double Energy"],"picked":"Cold Snap","floor":7.0},{"not_picked":["Consume","Beam Cell"],"picked":"Melter","floor":11.0},{"not_picked":["Coolheaded","Beam Cell"],"picked":"Melter","floor":13.0},{"not_picked":["Undo","Rainbow"],"picked":"BootSequence","floor":14.0},{"not_picked":["Machine Learning+1","Echo Form+1"],"picked":"Electrodynamics+1","floor":16.0},{"not_picked":["Barrage","Steam","Beam Cell+1"],"picked":"SKIP","floor":18.0},{"not_picked":["Coolheaded","Rebound"],"picked":"Self Repair+1","floor":19.0},{"not_picked":["Hologram","Steam"],"picked":"Conserve Battery","floor":22.0},{"not_picked":["Rip and Tear","White Noise"],"picked":"Glacier","floor":24.0},{"not_picked":["Machine Learning","Lockon"],"picked":"Force Field+1","floor":27.0},{"not_picked":["Force Field","Steam+1"],"picked":"Cold Snap+1","floor":28.0},{"not_picked":["Reinforced Body","Streamline"],"picked":"Biased Cognition","floor":29.0},{"not_picked":["Rebound+1","Heatsinks","Beam Cell+1"],"picked":"SKIP","floor":31.0},{"not_picked":["Fission","Hyperbeam"],"picked":"Buffer","floor":33.0},{"not_picked":["Reprogram","Turbo+1","Compile Driver"],"picked":"SKIP","floor":35.0},{"not_picked":["Force Field+1","Sweeping Beam+1","Leap"],"picked":"SKIP","floor":36.0},{"not_picked":["Cold Snap","Steam"],"picked":"Lockon","floor":37.0},{"not_picked":["Fusion","Streamline+1","Cold Snap+1"],"picked":"SKIP","floor":39.0},{"not_picked":["Steam Power+1","Beam Cell+1","Stack+1"],"picked":"SKIP","floor":41.0},{"not_picked":["Hyperbeam","Gash"],"picked":"Go for the Eyes+1","floor":45.0},{"not_picked":["Static Discharge+1","Streamline","Leap"],"picked":"SKIP","floor":46.0},{"not_picked":["Stack","All For One+1","Coolheaded"],"picked":"SKIP","floor":47.0},{"not_picked":["Recycle","Barrage+1"],"picked":"Amplify","floor":48.0},{"not_picked":["Glacier","Ball Lightning+1"],"picked":"Creative AI","floor":54}],"player_experience":136352,"relics_obtained":[{"floor":9.0,"key":"Frozen Egg 2"},{"floor":14.0,"key":"Ginger"},{"floor":24.0,"key":"Nunchaku"},{"floor":26.0,"key":"Happy Flower"},{"floor":27.0,"key":"Shuriken"},{"floor":28.0,"key":"Red Mask"},{"floor":29.0,"key":"Sundial"},{"floor":42.0,"key":"Shovel"},{"floor":47.0,"key":"Molten Egg 2"},{"floor":49.0,"key":"Lantern"},{"floor":52,"key":"HornCleat"},{"floor":54,"key":"Mercury Hourglass"}],"event_choices":[{"damage_healed":0.0,"max_hp_gain":0.0,"max_hp_loss":0.0,"gold_gain":0.0,"event_name":"Shining Light","player_choice":"Entered Light","floor":8.0,"gold_loss":0.0,"damage_taken":15.0,"cards_upgraded":["Dualcast","Loop"]},{"cards_removed":["Strike_B"],"damage_healed":0.0,"max_hp_gain":0.0,"max_hp_loss":0.0,"gold_gain":0.0,"event_name":"Wheel of Change","player_choice":"Card Removal","floor":12.0,"gold_loss":0.0,"damage_taken":0.0},{"damage_healed":0.0,"max_hp_gain":0.0,"max_hp_loss":0.0,"gold_gain":0.0,"event_name":"N\u0027loth","player_choice":"Traded Relic","floor":20.0,"relics_lost":["Frozen Egg 2"],"gold_loss":0.0,"damage_taken":0.0,"relics_obtained":["Nloth\u0027s Gift"]},{"damage_healed":0.0,"max_hp_gain":0.0,"max_hp_loss":0.0,"gold_gain":0.0,"event_name":"Masked Bandits","player_choice":"Fought Bandits","floor":28.0,"gold_loss":0.0,"damage_taken":0.0},{"damage_healed":0.0,"max_hp_gain":0.0,"max_hp_loss":0.0,"gold_gain":0.0,"cards_transformed":["Strike_B","Defend_B"],"event_name":"Drug Dealer","player_choice":"Became Test Subject","floor":30.0,"gold_loss":0.0,"damage_taken":0.0,"cards_obtained":["Skim","Ball Lightning"]},{"damage_healed":0.0,"max_hp_gain":0.0,"max_hp_loss":0.0,"gold_gain":0.0,"event_name":"Mysterious Sphere","player_choice":"Fight","floor":42.0,"gold_loss":0.0,"damage_taken":0.0}],"is_beta":false,"boss_relics":[{"not_picked":["Tiny House","SlaversCollar"],"picked":"Nuclear Battery"},{"not_picked":["Runic Dome","Runic Pyramid"],"picked":"Velvet Choker"}],"items_purged_floors":[21,25,38,53],"is_endless":false,"potions_floor_spawned":[1,3,4,14,19,22,29,31,35,39,45,46,48],"killed_by":"The Heart","ascension_level":6}