{"gold_per_floor":[118,131,131,141,151,166,201,201,201,201,230,245,261,261,261,358,358,358,24,24,24,24,24,24,24,24,24,24,24,24,24,24,24,24,24,24,24,24,24,24,24,24,24,24,24,24,24,0,0,0],"floor_reached":50,"playtime":5540,"items_purged":[],"score":718,"play_id":"842c24a8-5709-4e7b-9d32-1959f4f58cc6","local_time":"20201019010436","is_ascension_mode":true,"campfire_choices":[{"floor":8,"key":"REST"},{"data":"Defragment","floor":10,"key":"SMITH"},{"floor":15,"key":"REST"},{"floor":23,"key":"REST"},{"data":"Self Repair","floor":25,"key":"SMITH"},{"floor":32,"key":"REST"},{"floor":41,"key":"REST"},{"floor":47,"key":"REST"},{"floor":49,"key":"RECALL"}],"neow_cost":"NONE","seed_source_timestamp":46192618594600,"circlet_count":0,"master_deck":["Strike_B","Strike_B","Strike_B","Defend_B","Defend_B","Defend_B","Defend_B+1","Zap","Dualcast","Rip and Tear","Self Repair+1","Defragment+1","Ball Lightning","Lockon","BootSequence","Conserve Battery+1","Echo Form+1","Core Surge","Chill","Defragment+1","Capacitor+1","Stack","Cold Snap","Rainbow","Loop+1","White Noise","Biased Cognition+1","Capacitor+1","Leap+1","Steam","Sunder","Force Field+1","Glacier+1","Writhe"],"relics":["Cracked Core","Boot","Question Card","Pear","Frozen Egg 2","Ectoplasm","DollysMirror","Anchor","Letter Opener","Bottled Lightning","Happy Flower","SsserpentHead","Ornamental Fan","Black Star","Centennial Puzzle","InkBottle","Ice Cream","Toxic Egg 2","Vajra","Red Mask"],"potions_floor_usage":[6,11,21,22,28,30,30,36,37,40,44,50],"damage_taken":[{"damage":3,"enemies":"Small Slimes","floor":1,"turns":3},{"damage":0,"enemies":"Cultist","floor":2,"turns":2},{"damage":2,"enemies":"Jaw Worm","floor":4,"turns":4},{"damage":15,"enemies":"3 Louse","floor":5,"turns":4},{"damage":21,"enemies":"Gremlin Gang","floor":6,"turns":4},{"damage":25,"enemies":"3 Sentries","floor":7,"turns":5},{"damage":15,"enemies":"Gremlin Nob","floor":11,"turns":3},{"damage":20,"enemies":"Lots of Slimes","floor":12,"turns":3},{"damage":1,"enemies":"Looter","floor":13,"turns":2},{"damage":8,"enemies":"Hexaghost","floor":16,"turns":8},{"damage":18,"enemies":"Shell Parasite","floor":18,"turns":7},{"damage":0,"enemies":"Chosen","floor":20,"turns":4},{"damage":36,"enemies":"Shelled Parasite and Fungi","floor":21,"turns":6},{"damage":19,"enemies":"Centurion and Healer","floor":22,"turns":10},{"damage":16,"enemies":"Book of Stabbing","floor":24,"turns":5},{"damage":5,"enemies":"Snecko","floor":27,"turns":6},{"damage":8,"enemies":"Slavers","floor":28,"turns":5},{"damage":27,"enemies":"Book of Stabbing","floor":30,"turns":6},{"damage":10,"enemies":"Collector","floor":33,"turns":8},{"damage":3,"enemies":"Orb Walker","floor":35,"turns":5},{"damage":33,"enemies":"3 Darklings","floor":36,"turns":5},{"damage":21,"enemies":"4 Shapes","floor":37,"turns":5},{"damage":0,"enemies":"Maw","floor":39,"turns":7},{"damage":33,"enemies":"Nemesis","floor":40,"turns":8},{"damage":3,"enemies":"Mind Bloom Boss Battle","floor":42,"turns":8},{"damage":9,"enemies":"Giant Head","floor":44,"turns":8},{"damage":26,"enemies":"3 Darklings","floor":45,"turns":5},{"damage":82,"enemies":"Awakened One","floor":50,"turns":13}],"seed_played":"-453917945353282713","potions_obtained":[{"floor":1,"key":"FocusPotion"},{"floor":4,"key":"DuplicationPotion"},{"floor":7,"key":"DistilledChaos"},{"floor":11,"key":"Weak Potion"},{"floor":12,"key":"GamblersBrew"},{"floor":13,"key":"CultistPotion"},{"floor":18,"key":"PowerPotion"},{"floor":24,"key":"Weak Potion"},{"floor":27,"key":"ColorlessPotion"},{"floor":35,"key":"DuplicationPotion"},{"floor":36,"key":"ColorlessPotion"},{"floor":37,"key":"PowerPotion"},{"floor":42,"key":"Block Potion"},{"floor":45,"key":"Strength Potion"}],"is_trial":false,"path_per_floor":["M","M","?","M","M","M","E","R","T","R","E","M","M","?","R","B",null,"M","$","M","M","M","R","E","R","T","M","E","?","E","$","R","B",null,"M","M","M","?","M","E","R","?","T","E","M","?","R","?","R","B"],"character_chosen":"DEFECT","items_purchased":["DollysMirror","Anchor","Capacitor+1"],"campfire_rested":6,"item_purchase_floors":[19,19,19],"current_hp_per_floor":[72,72,72,75,67,53,28,50,60,60,52,32,38,21,46,52,77,59,59,73,37,25,50,48,48,48,53,55,55,38,38,63,53,77,85,52,31,31,41,18,43,50,50,41,25,46,71,71,71,0],"gold":0,"neow_bonus":"RANDOM_COMMON_RELIC","is_prod":false,"is_daily":false,"chose_seed":false,"campfire_upgraded":2,"win_rate":0,"timestamp":1603087476,"path_taken":["M","M","?","?","M","M","E","R","T","R","E","?","M","?","R","BOSS","M","$","M","M","M","R","E","R","T","M","E","?","E","$","R","BOSS","M","?","?","?","M","E","R","?","T","E","?","?","R","?","R","BOSS"],"build_version":"2020-07-30","purchased_purges":0,"victory":false,"max_hp_per_floor":[75,75,75,75,75,75,75,75,85,85,85,85,85,85,85,85,85,85,85,85,85,85,85,85,85,85,85,85,85,85,85,85,85,85,85,85,85,85,85,85,85,85,85,85,85,85,85,85,85,85],"card_choices":[{"not_picked":["Aggregate","Hologram"],"picked":"Rip and Tear","floor":1},{"not_picked":["Gash","Streamline"],"picked":"Self Repair","floor":2},{"not_picked":["Genetic Algorithm","Heatsinks"],"picked":"Defragment","floor":4},{"not_picked":["Coolheaded","Redo"],"picked":"Ball Lightning","floor":5},{"not_picked":["Sweeping Beam","Seek"],"picked":"Lockon","floor":6},{"not_picked":["Rip and Tear","Compile Driver","Sweeping Beam"],"picked":"SKIP","floor":7},{"not_picked":["Redo","Double Energy","Turbo"],"picked":"BootSequence","floor":11},{"not_picked":["Stack","Beam Cell","Darkness"],"picked":"Conserve Battery","floor":12},{"not_picked":["Tempest","Ball Lightning","FTL"],"picked":"Echo Form+1","floor":13},{"not_picked":["Echo Form+1","Multi-Cast","Meteor Strike"],"picked":"Core Surge","floor":16},{"not_picked":["Streamline","Barrage+1","Compile Driver+1"],"picked":"Chill","floor":18},{"not_picked":["Conserve Battery","Rebound","Skim+1","Stack"],"picked":"SKIP","floor":20},{"not_picked":["Coolheaded","Turbo","Go for the Eyes"],"picked":"Stack","floor":21},{"not_picked":["Redo+1","Barrage","Auto Shields"],"picked":"Cold Snap","floor":22},{"not_picked":["Recycle","Streamline+1","Reboot"],"picked":"Rainbow","floor":24},{"not_picked":["Scrape+1","Turbo","Streamline","Tempest"],"picked":"SKIP","floor":27},{"not_picked":["Hologram+1","Go for the Eyes","Hello World+1"],"picked":"Loop+1","floor":28},{"not_picked":["Double Energy","Hologram","Turbo"],"picked":"White Noise","floor":30},{"not_picked":["Buffer+1","Fission","Meteor Strike"],"picked":"Biased Cognition+1","floor":33},{"not_picked":["Hello World+1","Go for the Eyes+1","Gash"],"picked":"Capacitor+1","floor":35},{"not_picked":["Loop+1","Ball Lightning","Go for the Eyes+1","Beam Cell"],"picked":"SKIP","floor":36},{"not_picked":["Core Surge","Genetic Algorithm","Streamline"],"picked":"Leap+1","floor":37},{"not_picked":["Streamline+1","Lockon","Stack"],"picked":"Steam","floor":39},{"not_picked":["Scrape","Capacitor+1","Thunder Strike"],"picked":"Sunder","floor":40},{"not_picked":["Core Surge","Turbo+1","Rebound+1"],"picked":"Force Field+1","floor":44},{"not_picked":["Steam+1","Conserve Battery+1","Storm+1"],"picked":"Glacier+1","floor":45}],"player_experience":93964,"relics_obtained":[{"floor":7,"key":"Question Card"},{"floor":9,"key":"Pear"},{"floor":11,"key":"Frozen Egg 2"},{"floor":24,"key":"Letter Opener"},{"floor":26,"key":"Bottled Lightning"},{"floor":28,"key":"Happy Flower"},{"floor":30,"key":"Ornamental Fan"},{"floor":40,"key":"Centennial Puzzle"},{"floor":40,"key":"InkBottle"},{"floor":42,"key":"Ice Cream"},{"floor":44,"key":"Toxic Egg 2"},{"floor":44,"key":"Vajra"}],"event_choices":[{"cards_removed":["Strike_B"],"damage_healed":0,"gold_gain":0,"player_choice":"Purged","damage_taken":0,"max_hp_gain":0,"max_hp_loss":0,"event_name":"Purifier","floor":3,"gold_loss":0},{"damage_healed":0,"gold_gain":0,"player_choice":"Entered Light","damage_taken":17,"max_hp_gain":0,"max_hp_loss":0,"event_name":"Shining Light","floor":14,"gold_loss":0,"cards_upgraded":["Defend_B","Conserve Battery"]},{"damage_healed":0,"gold_gain":0,"player_choice":"Trade","damage_taken":0,"relics_obtained":["SsserpentHead"],"max_hp_gain":0,"max_hp_loss":0,"event_name":"FaceTrader","floor":29,"gold_loss":0},{"damage_healed":0,"gold_gain":0,"player_choice":"Ignored","damage_taken":0,"max_hp_gain":0,"max_hp_loss":0,"event_name":"Mysterious Sphere","floor":38,"gold_loss":0},{"damage_healed":0,"gold_gain":0,"player_choice":"Fight","damage_taken":0,"max_hp_gain":0,"max_hp_loss":0,"event_name":"MindBloom","floor":42,"gold_loss":0},{"damage_healed":21,"gold_gain":0,"player_choice":"Writhe","damage_taken":0,"max_hp_gain":0,"max_hp_loss":0,"event_name":"Winding Halls","floor":46,"gold_loss":0,"cards_obtained":["Writhe"]},{"damage_healed":0,"gold_gain":0,"player_choice":"Paid","damage_taken":0,"relics_obtained":["Red Mask"],"max_hp_gain":0,"max_hp_loss":0,"event_name":"Tomb of Lord Red Mask","floor":48,"gold_loss":24}],"is_beta":false,"boss_relics":[{"not_picked":["Inserter","Runic Dome"],"picked":"Ectoplasm"},{"not_picked":["Empty Cage","Snecko Eye"],"picked":"Black Star"}],"items_purged_floors":[],"is_endless":false,"potions_floor_spawned":[1,4,7,11,12,13,18,20,24,27,35,36,37,42,45],"killed_by":"Awakened One","ascension_level":5}