{"gold_per_floor":[114,128,128,128,138,138,163,175,229,229,246,246,280,295,295,397,397,415,415,45,61,261,296,296,309,309,309,340,354,354,365,365,461,461,481,122,133,147,147,180,200,200],"floor_reached":42,"playtime":3982,"items_purged":["Strike_B","Strike_B"],"score":625,"play_id":"02339693-be1c-4ba7-9d31-c7792f073969","local_time":"20201019134934","is_ascension_mode":true,"campfire_choices":[{"data":"Zap","floor":6,"key":"SMITH"},{"floor":10,"key":"REST"},{"data":"Defragment","floor":15,"key":"SMITH"},{"floor":24,"key":"REST"},{"floor":27,"key":"REST"},{"floor":30,"key":"REST"},{"floor":32,"key":"REST"}],"neow_cost":"NONE","seed_source_timestamp":4570300526600,"circlet_count":0,"master_deck":["Strike_B+1","Strike_B","Defend_B","Defend_B","Defend_B+1","Defend_B","Zap+1","Dualcast","BootSequence","Streamline","Coolheaded","Conserve Battery","Echo Form+1","Steam","Melter","Defragment+1","Biased Cognition","Hologram","Defragment","Redo+1","Hologram+1","Electrodynamics","Multi-Cast","Melter+1","Capacitor","Cold Snap+1","Force Field","Thunder Strike","Barrage","Fusion+1","Coolheaded"],"relics":["Cracked Core","Boot","Question Card","Centennial Puzzle","Pen Nib","Dream Catcher","Nuclear Battery","White Beast Statue","Eternal Feather","Nunchaku","Ornamental Fan","Fusion Hammer","Pear","Strawberry"],"potions_floor_usage":[7,16,16,23,23,23,28,29,33,40,40,41,41,42],"damage_taken":[{"damage":1,"enemies":"Jaw Worm","floor":1,"turns":4},{"damage":0,"enemies":"2 Louse","floor":2,"turns":3},{"damage":0,"enemies":"Cultist","floor":5,"turns":3},{"damage":28,"enemies":"Gremlin Nob","floor":7,"turns":4},{"damage":7,"enemies":"3 Louse","floor":8,"turns":4},{"damage":3,"enemies":"Gremlin Gang","floor":11,"turns":5},{"damage":5,"enemies":"Lagavulin","floor":13,"turns":6},{"damage":0,"enemies":"2 Fungi Beasts","floor":14,"turns":3},{"damage":16,"enemies":"Slime Boss","floor":16,"turns":6},{"damage":5,"enemies":"2 Thieves","floor":18,"turns":4},{"damage":8,"enemies":"Shell Parasite","floor":21,"turns":3},{"damage":42,"enemies":"Slavers","floor":23,"turns":5},{"damage":21,"enemies":"Chosen and Byrds","floor":25,"turns":7},{"damage":38,"enemies":"Gremlin Leader","floor":28,"turns":5},{"damage":3,"enemies":"Snake Plant","floor":29,"turns":2},{"damage":17,"enemies":"Sentry and Sphere","floor":31,"turns":4},{"damage":50,"enemies":"Collector","floor":33,"turns":8},{"damage":0,"enemies":"Orb Walker","floor":35,"turns":3},{"damage":3,"enemies":"3 Shapes","floor":37,"turns":6},{"damage":24,"enemies":"Spire Growth","floor":38,"turns":4},{"damage":39,"enemies":"Reptomancer","floor":40,"turns":7},{"damage":5,"enemies":"3 Darklings","floor":41,"turns":5},{"damage":21,"enemies":"Transient","floor":42,"turns":4}],"seed_played":"6324023685478451151","potions_obtained":[{"floor":1,"key":"FearPotion"},{"floor":8,"key":"Ancient Potion"},{"floor":14,"key":"PowerPotion"},{"floor":16,"key":"SpeedPotion"},{"floor":21,"key":"Dexterity Potion"},{"floor":23,"key":"FearPotion"},{"floor":25,"key":"Ancient Potion"},{"floor":28,"key":"SkillPotion"},{"floor":29,"key":"Energy Potion"},{"floor":31,"key":"Dexterity Potion"},{"floor":33,"key":"Explosive Potion"},{"floor":40,"key":"Weak Potion"},{"floor":41,"key":"EssenceOfSteel"}],"is_trial":false,"path_per_floor":["M","M","?","?","M","R","E","M","T","R","M","T","E","M","R","B",null,"M","?","$","M","?","E","R","M","T","R","E","M","R","M","R","B",null,"M","$","M","M","?","E","M","M"],"character_chosen":"DEFECT","items_purchased":["White Beast Statue","Explosive Potion","Pear"],"campfire_rested":5,"item_purchase_floors":[20,20,36],"current_hp_per_floor":[74,74,74,59,59,59,31,24,24,46,43,43,38,38,38,22,62,57,57,57,49,49,7,41,20,20,54,16,13,50,33,70,20,61,61,71,68,44,44,12,7,0],"gold":200,"neow_bonus":"RANDOM_COMMON_RELIC","is_prod":false,"is_daily":false,"chose_seed":false,"campfire_upgraded":2,"win_rate":0,"timestamp":1603133374,"path_taken":["M","M","?","?","M","R","E","M","T","R","M","?","E","M","R","BOSS","M","?","$","?","?","E","R","M","T","R","E","M","R","M","R","BOSS","M","$","M","?","?","E","M","?"],"build_version":"2020-07-30","purchased_purges":2,"victory":false,"max_hp_per_floor":[75,75,75,75,75,75,75,75,75,75,75,75,75,75,75,75,75,75,75,75,75,75,75,75,75,75,75,75,75,75,75,75,75,75,75,85,85,85,85,92,92,92],"card_choices":[{"not_picked":["Scrape","Hologram"],"picked":"BootSequence","floor":1},{"not_picked":["Go for the Eyes","Leap"],"picked":"Streamline","floor":2},{"not_picked":["Sweeping Beam","BootSequence"],"picked":"Coolheaded","floor":5},{"not_picked":["Double Energy","Compile Driver"],"picked":"Conserve Battery","floor":7},{"not_picked":["Go for the Eyes","Leap","Compile Driver"],"picked":"Echo Form","floor":8},{"not_picked":["Leap","Scrape","Steam Power"],"picked":"Steam","floor":11},{"not_picked":["Gash","Steam","Streamline"],"picked":"Melter","floor":13},{"not_picked":["Hologram","Tempest","Steam"],"picked":"Defragment","floor":14},{"not_picked":["Seek","Amplify","Rainbow"],"picked":"Biased Cognition","floor":16},{"not_picked":["Hello World","Steam","Melter+1"],"picked":"Hologram","floor":18},{"not_picked":["Beam Cell","Gash","Conserve Battery"],"picked":"Defragment","floor":21},{"not_picked":["Leap","Go for the Eyes","Gash+1"],"picked":"Redo+1","floor":23},{"not_picked":["Steam Power+1","Redo","Coolheaded+1"],"picked":"Hologram+1","floor":25},{"not_picked":["Barrage","Hologram+1","Go for the Eyes+1"],"picked":"Electrodynamics","floor":27},{"not_picked":["Go for the Eyes","Heatsinks","White Noise"],"picked":"Multi-Cast","floor":28},{"not_picked":["Gash","Sweeping Beam","Redo"],"picked":"Melter+1","floor":29},{"not_picked":["Redo","Coolheaded","Cold Snap+1"],"picked":"Capacitor","floor":30},{"not_picked":["Turbo+1","White Noise","Gash"],"picked":"Cold Snap+1","floor":31},{"not_picked":["Rebound","Coolheaded","Auto Shields"],"picked":"Force Field","floor":32},{"not_picked":["Amplify","Machine Learning","All For One"],"picked":"Thunder Strike","floor":33},{"not_picked":["Hologram+1","Turbo+1","Beam Cell"],"picked":"Barrage","floor":35},{"not_picked":["Beam Cell+1","Aggregate","Steam Power+1","Sweeping Beam"],"picked":"SKIP","floor":37},{"not_picked":["Chaos","Rainbow","Compile Driver+1"],"picked":"Fusion+1","floor":38},{"not_picked":["Redo+1","Leap+1","Electrodynamics"],"picked":"Coolheaded","floor":40},{"not_picked":["Gash","Streamline+1","Barrage","Scrape"],"picked":"SKIP","floor":41}],"player_experience":99504,"relics_obtained":[{"floor":7,"key":"Question Card"},{"floor":9,"key":"Centennial Puzzle"},{"floor":12,"key":"Pen Nib"},{"floor":13,"key":"Dream Catcher"},{"floor":23,"key":"Eternal Feather"},{"floor":26,"key":"Nunchaku"},{"floor":28,"key":"Ornamental Fan"},{"floor":40,"key":"Strawberry"}],"event_choices":[{"damage_healed":0,"gold_gain":0,"player_choice":"Ignored","damage_taken":0,"max_hp_gain":0,"max_hp_loss":0,"event_name":"Liars Game","floor":3,"gold_loss":0},{"damage_healed":0,"gold_gain":0,"player_choice":"Entered Light","damage_taken":15,"max_hp_gain":0,"max_hp_loss":0,"event_name":"Shining Light","floor":4,"gold_loss":0,"cards_upgraded":["Defend_B","Strike_B"]},{"damage_healed":0,"gold_gain":0,"player_choice":"Upgraded","damage_taken":0,"max_hp_gain":0,"max_hp_loss":0,"event_name":"Upgrade Shrine","floor":19,"gold_loss":0,"cards_upgraded":["Echo Form"]},{"damage_healed":0,"gold_gain":250,"player_choice":"Bet on Owner","damage_taken":0,"max_hp_gain":0,"max_hp_loss":0,"event_name":"The Joust","floor":22,"gold_loss":50},{"damage_healed":0,"gold_gain":0,"player_choice":"Bought 0 Potions","damage_taken":0,"max_hp_gain":0,"max_hp_loss":0,"event_name":"The Woman in Blue","floor":39,"gold_loss":0}],"is_beta":false,"boss_relics":[{"not_picked":["Black Star","Snecko Eye"],"picked":"Nuclear Battery"},{"not_picked":["Busted Crown","Runic Pyramid"],"picked":"Fusion Hammer"}],"items_purged_floors":[20,36],"is_endless":false,"potions_floor_spawned":[1,8,14,16,21,23,25,28,29,31,33,35,37,38,40,41],"killed_by":"Transient","ascension_level":5}