{"gold_per_floor":[219,235,251,262,331,359,359,373,427,452,18,40,40,55,55,159,159,178,193,212,212,21,56,56,56],"floor_reached":25,"playtime":2165,"items_purged":[],"score":326,"play_id":"c48d02f1-4864-4992-89ff-548aac1de7bb","local_time":"20201031132649","is_ascension_mode":true,"campfire_choices":[{"data":"Sunder","floor":7.0,"key":"SMITH"},{"floor":13.0,"key":"REST"},{"floor":15.0,"key":"REST"}],"neow_cost":"NONE","seed_source_timestamp":5825660525600,"circlet_count":0,"master_deck":["Strike_B+1","Strike_B+1","Strike_B+1","Strike_B+1","Defend_B+1","Defend_B+1","Defend_B+1","Defend_B+1","Zap","Dualcast","BootSequence","Sunder+1","Ball Lightning","Electrodynamics","Steam","Ball Lightning","Coolheaded","Loop","Redo","Creative AI","Go for the Eyes","Cold Snap","Conserve Battery","Capacitor+1"],"special_seed":0,"relics":["Cracked Core","Cables","Centennial Puzzle","Ornamental Fan","Meat on the Bone","Anchor","Odd Mushroom","Inserter","Oddly Smooth Stone","Strawberry"],"potions_floor_usage":[],"damage_taken":[{"damage":3.0,"enemies":"2 Louse","floor":1.0,"turns":3.0},{"damage":0.0,"enemies":"Jaw Worm","floor":2.0,"turns":3.0},{"damage":1.0,"enemies":"Cultist","floor":3.0,"turns":3.0},{"damage":6.0,"enemies":"Blue Slaver","floor":4.0,"turns":3.0},{"damage":20.0,"enemies":"3 Sentries","floor":6.0,"turns":3.0},{"damage":0.0,"enemies":"Red Slaver","floor":8.0,"turns":3.0},{"damage":30.0,"enemies":"Lagavulin","floor":10.0,"turns":5.0},{"damage":1.0,"enemies":"The Mushroom Lair","floor":12.0,"turns":4.0},{"damage":0.0,"enemies":"2 Fungi Beasts","floor":14.0,"turns":2.0},{"damage":7.0,"enemies":"The Guardian","floor":16.0,"turns":9.0},{"damage":5.0,"enemies":"Chosen","floor":18.0,"turns":5.0},{"damage":25.0,"enemies":"Spheric Guardian","floor":19.0,"turns":7.0},{"damage":18.0,"enemies":"Centurion and Healer","floor":20.0,"turns":6.0},{"damage":29.0,"enemies":"Book of Stabbing","floor":23.0,"turns":7.0},{"damage":58,"enemies":"Slavers","floor":25,"turns":5}],"seed_played":"-319733660581713272","potions_obtained":[{"floor":3.0,"key":"DistilledChaos"},{"floor":8.0,"key":"FocusPotion"},{"floor":14.0,"key":"ColorlessPotion"},{"floor":16.0,"key":"FairyPotion"},{"floor":19.0,"key":"GamblersBrew"},{"floor":23.0,"key":"SmokeBomb"}],"is_trial":false,"path_per_floor":["M","M","M","M","?","E","R","M","T","E","$","?","R","M","R","B",null,"M","M","M","?","$","E","?","E"],"character_chosen":"DEFECT","items_purchased":["Meat on the Bone","Anchor","Loop","Oddly Smooth Stone","Conserve Battery"],"campfire_rested":2,"item_purchase_floors":[11,11,11,22,22],"current_hp_per_floor":[65,65,64,58,58,38,38,38,38,8,8,19,41,41,63,56,70,65,40,34,34,34,24,24,0],"gold":56,"neow_bonus":"HUNDRED_GOLD","is_prod":false,"is_daily":false,"chose_seed":false,"campfire_upgraded":1,"win_rate":0,"timestamp":1604168809,"path_taken":["M","M","M","M","?","E","R","M","T","E","$","?","R","M","R","BOSS","M","M","M","?","$","E","?","E"],"build_version":"2020-07-30","purchased_purges":0,"victory":false,"max_hp_per_floor":[75,75,75,75,75,75,75,75,75,75,75,75,75,75,75,75,75,75,75,75,75,75,82,82,82],"card_choices":[{"not_picked":["Compile Driver","Gash"],"picked":"BootSequence","floor":1.0},{"not_picked":["Rebound","Reprogram"],"picked":"Sunder","floor":2.0},{"not_picked":["Conserve Battery","Gash"],"picked":"Ball Lightning","floor":3.0},{"not_picked":["Redo","Coolheaded"],"picked":"Electrodynamics","floor":4.0},{"not_picked":["Heatsinks","Scrape"],"picked":"Steam","floor":6.0},{"not_picked":["Barrage","Beam Cell"],"picked":"Ball Lightning","floor":8.0},{"not_picked":["Sweeping Beam","Fusion"],"picked":"Coolheaded","floor":10.0},{"not_picked":["Streamline","Ball Lightning"],"picked":"Redo","floor":12.0},{"not_picked":["Aggregate","Turbo","Tempest"],"picked":"SKIP","floor":14.0},{"not_picked":["Thunder Strike","Amplify"],"picked":"Creative AI","floor":16.0},{"not_picked":["Go for the Eyes","Skim+1","Coolheaded+1"],"picked":"SKIP","floor":18.0},{"not_picked":["Sweeping Beam+1","Ball Lightning"],"picked":"Go for the Eyes","floor":19.0},{"not_picked":["Aggregate+1","Hologram"],"picked":"Cold Snap","floor":20.0},{"not_picked":["Hologram","Barrage"],"picked":"Capacitor+1","floor":23.0}],"player_experience":150813,"relics_obtained":[{"floor":6.0,"key":"Cables"},{"floor":9.0,"key":"Centennial Puzzle"},{"floor":10.0,"key":"Ornamental Fan"},{"floor":12.0,"key":"Odd Mushroom"},{"floor":23.0,"key":"Strawberry"}],"event_choices":[{"damage_healed":0.0,"max_hp_gain":0.0,"max_hp_loss":0.0,"gold_gain":69.0,"event_name":"Golden Wing","player_choice":"Gained Gold","floor":5.0,"gold_loss":0.0,"damage_taken":0.0},{"damage_healed":0.0,"max_hp_gain":0.0,"max_hp_loss":0.0,"gold_gain":0.0,"event_name":"Mushrooms","player_choice":"Fought Mushrooms","floor":12.0,"gold_loss":0.0,"damage_taken":0.0},{"damage_healed":0.0,"max_hp_gain":0.0,"max_hp_loss":0.0,"gold_gain":0.0,"event_name":"Back to Basics","player_choice":"Simplicity","floor":21.0,"gold_loss":0.0,"damage_taken":0.0,"cards_upgraded":["Strike_B","Strike_B","Strike_B","Strike_B","Defend_B","Defend_B","Defend_B","Defend_B"]},{"damage_healed":0,"gold_gain":0,"player_choice":"Ignored","damage_taken":0,"max_hp_gain":0,"max_hp_loss":0,"event_name":"Purifier","floor":24,"gold_loss":0}],"is_beta":false,"boss_relics":[{"not_picked":["Coffee Dripper","Fusion Hammer"],"picked":"Inserter"}],"items_purged_floors":[],"is_endless":false,"potions_floor_spawned":[3,8,14,16,19,23],"killed_by":"Slavers","ascension_level":8}