{"gold_per_floor":[114,127,127,1,1,1,28,45,45,70,70,90,90,102,102,200,200,220,235,286,38,49,74,74,93,117,128,141,167,167,178,178,276,276,288,288,298,318,368,397,397,397,423,454,470,470,470,483,483,483],"floor_reached":50,"playtime":5046,"items_purged":["Steam Power"],"score":776,"play_id":"63dd46db-3c8a-420b-931c-c57fa4b508b6","local_time":"20201104153822","is_ascension_mode":true,"campfire_choices":[{"data":"Zap","floor":6.0,"key":"SMITH"},{"data":"Streamline","floor":11.0,"key":"SMITH"},{"data":"Capacitor","floor":13.0,"key":"SMITH"},{"data":"Darkness","floor":15.0,"key":"SMITH"},{"data":"Fission","floor":24.0,"key":"SMITH"},{"data":"Darkness","floor":32,"key":"SMITH"},{"data":"Buffer","floor":42,"key":"SMITH"},{"floor":46,"key":"REST"},{"data":"Stack","floor":49,"key":"SMITH"}],"neow_cost":"PERCENT_DAMAGE","seed_source_timestamp":675638146500,"circlet_count":0,"master_deck":["Strike_B","Strike_B","Defend_B","Defend_B","Defend_B","Zap+1","Dualcast","Steam","Streamline+1","Coolheaded","Capacitor+1","Barrage","Static Discharge","Darkness+1","Electrodynamics","CurseOfTheBell","Stack+1","Redo","Defragment+1","Fission+1","Capacitor","Redo+1","Darkness","Darkness+1","Buffer+1","Sunder+1","Aggregate","Conserve Battery","Parasite","Go for the Eyes+1","Leap"],"special_seed":0,"relics":["Cracked Core","Mercury Hourglass","Toy Ornithopter","Kunai","Tiny Chest","Calling Bell","MealTicket","White Beast Statue","TungstenRod","Ancient Tea Set","HornCleat","Blood Vial","PreservedInsect","Anchor","Pantograph","Philosopher\u0027s Stone","Torii","Emotion Chip","Bag of Marbles","Ornamental Fan","Juzu Bracelet"],"potions_floor_usage":[31,33,33,33,45,48],"damage_taken":[{"damage":0.0,"enemies":"Cultist","floor":1.0,"turns":4.0},{"damage":0.0,"enemies":"Jaw Worm","floor":2.0,"turns":4.0},{"damage":30.0,"enemies":"Gremlin Nob","floor":7.0,"turns":4.0},{"damage":0.0,"enemies":"2 Louse","floor":8.0,"turns":2.0},{"damage":13.0,"enemies":"Lagavulin","floor":10.0,"turns":6.0},{"damage":1.0,"enemies":"Exordium Wildlife","floor":12.0,"turns":2.0},{"damage":9.0,"enemies":"3 Louse","floor":14.0,"turns":2.0},{"damage":23.0,"enemies":"Slime Boss","floor":16.0,"turns":8.0},{"damage":0.0,"enemies":"Spheric Guardian","floor":18.0,"turns":3.0},{"damage":13.0,"enemies":"3 Byrds","floor":19.0,"turns":2.0},{"damage":14.0,"enemies":"Cultist and Chosen","floor":22.0,"turns":4.0},{"damage":22.0,"enemies":"Slavers","floor":23.0,"turns":4.0},{"damage":2.0,"enemies":"Centurion and Healer","floor":25.0,"turns":4.0},{"damage":15.0,"enemies":"Snake Plant","floor":27.0,"turns":3.0},{"damage":5.0,"enemies":"Cultist and Chosen","floor":28.0,"turns":3.0},{"damage":7.0,"enemies":"Gremlin Leader","floor":29.0,"turns":5.0},{"damage":2,"enemies":"Shelled Parasite and Fungi","floor":31,"turns":3},{"damage":58,"enemies":"Automaton","floor":33,"turns":10},{"damage":7,"enemies":"Orb Walker","floor":35,"turns":6},{"damage":0,"enemies":"3 Shapes","floor":37,"turns":1},{"damage":11,"enemies":"Sphere and 2 Shapes","floor":38,"turns":4},{"damage":23,"enemies":"Mind Bloom Boss Battle","floor":39,"turns":7},{"damage":7,"enemies":"Nemesis","floor":40,"turns":5},{"damage":31,"enemies":"Giant Head","floor":44,"turns":8},{"damage":26,"enemies":"Writhing Mass","floor":45,"turns":4},{"damage":0,"enemies":"Jaw Worm Horde","floor":48,"turns":3},{"damage":75,"enemies":"Awakened One","floor":50,"turns":4}],"seed_played":"-1959440280988867976","potions_obtained":[{"floor":8.0,"key":"AttackPotion"},{"floor":12.0,"key":"FearPotion"},{"floor":18.0,"key":"AttackPotion"},{"floor":19.0,"key":"Weak Potion"},{"floor":22.0,"key":"Regen Potion"},{"floor":23.0,"key":"FearPotion"},{"floor":27.0,"key":"AttackPotion"},{"floor":28.0,"key":"DuplicationPotion"},{"floor":29.0,"key":"PowerPotion"},{"floor":31,"key":"SneckoOil"},{"floor":33,"key":"EssenceOfDarkness"},{"floor":35,"key":"Energy Potion"},{"floor":37,"key":"SkillPotion"},{"floor":38,"key":"FairyPotion"},{"floor":45,"key":"AttackPotion"},{"floor":48,"key":"SpeedPotion"}],"is_trial":false,"path_per_floor":["M","M","?","$","?","R","E","M","T","E","R","M","R","M","R","B",null,"M","M","T","$","M","E","R","M","T","M","M","E","T","M","R","B",null,"M","?","M","M","?","E","T","R","T","E","M","R","T","M","R","B"],"character_chosen":"DEFECT","items_purchased":["BlessingOfTheForge","HornCleat"],"campfire_rested":1,"item_purchase_floors":[4,21],"current_hp_per_floor":[50,50,43,43,75,75,45,45,45,32,32,31,31,22,22,4,57,57,44,44,59,45,40,40,40,40,32,29,29,29,34,34,18,61,56,56,58,49,52,47,47,47,47,18,22,44,44,51,51,0],"gold":483,"neow_bonus":"TRANSFORM_TWO_CARDS","is_prod":false,"is_daily":false,"chose_seed":false,"campfire_upgraded":8,"win_rate":0,"timestamp":1604525902,"path_taken":["M","M","?","$","?","R","E","M","T","E","R","M","R","M","R","BOSS","M","?","?","$","M","E","R","?","T","M","M","E","?","M","R","BOSS","M","?","M","M","?","E","?","R","T","E","M","R","?","M","R","BOSS"],"build_version":"2020-07-30","purchased_purges":1,"victory":false,"max_hp_per_floor":[75,75,75,75,75,75,75,75,75,75,75,75,75,75,75,75,75,75,75,75,75,75,75,75,75,75,75,75,75,75,75,75,75,75,75,75,75,75,75,75,75,75,75,75,75,75,75,75,75,75],"card_choices":[{"not_picked":["Hello World","Steam"],"picked":"Streamline","floor":1.0},{"not_picked":["Gash","Hello World"],"picked":"Static Discharge","floor":2.0},{"not_picked":["Aggregate","Storm"],"picked":"Coolheaded","floor":7.0},{"not_picked":["Gash","Coolheaded"],"picked":"Capacitor","floor":8.0},{"not_picked":["Cold Snap","Coolheaded"],"picked":"Barrage","floor":10.0},{"not_picked":["Steam","Heatsinks"],"picked":"Static Discharge","floor":12.0},{"not_picked":["Go for the Eyes","Streamline"],"picked":"Darkness","floor":14.0},{"not_picked":["Reboot","Seek"],"picked":"Electrodynamics","floor":16.0},{"not_picked":["Storm+1","Static Discharge+1"],"picked":"Stack","floor":18.0},{"not_picked":["Ball Lightning+1","Hologram"],"picked":"Redo","floor":19.0},{"not_picked":["Barrage+1","Streamline+1"],"picked":"Defragment+1","floor":22.0},{"not_picked":["Cold Snap","Turbo"],"picked":"Fission","floor":23.0},{"not_picked":["White Noise","Force Field+1"],"picked":"Capacitor","floor":25.0},{"not_picked":["Steam Power","Recycle"],"picked":"Redo+1","floor":27.0},{"not_picked":["Hologram","Cold Snap"],"picked":"Darkness","floor":28.0},{"not_picked":["Steam","Meteor Strike","Conserve Battery"],"picked":"SKIP","floor":29.0},{"not_picked":["Cold Snap","Streamline+1"],"picked":"Darkness","floor":31},{"not_picked":["Creative AI","Hyperbeam"],"picked":"Buffer","floor":33},{"not_picked":["Recycle","Gash+1","Compile Driver+1"],"picked":"SKIP","floor":35},{"not_picked":["Compile Driver","Static Discharge+1"],"picked":"Sunder+1","floor":37},{"not_picked":["Loop","Hello World"],"picked":"Aggregate","floor":38},{"not_picked":["Ball Lightning","Stack"],"picked":"Conserve Battery","floor":39},{"not_picked":["Heatsinks","Coolheaded","Stack"],"picked":"SKIP","floor":40},{"not_picked":["Machine Learning","Reprogram","Steam Power"],"picked":"SKIP","floor":44},{"not_picked":["Double Energy+1","FTL+1"],"picked":"Go for the Eyes+1","floor":45},{"not_picked":["FTL+1","Streamline"],"picked":"Leap","floor":48}],"player_experience":159380,"relics_obtained":[{"floor":7.0,"key":"Toy Ornithopter"},{"floor":9.0,"key":"Kunai"},{"floor":10.0,"key":"Tiny Chest"},{"floor":17.0,"key":"MealTicket"},{"floor":17.0,"key":"White Beast Statue"},{"floor":17.0,"key":"TungstenRod"},{"floor":20.0,"key":"Ancient Tea Set"},{"floor":23.0,"key":"Blood Vial"},{"floor":26.0,"key":"PreservedInsect"},{"floor":29.0,"key":"Anchor"},{"floor":30.0,"key":"Pantograph"},{"floor":39,"key":"Torii"},{"floor":40,"key":"Emotion Chip"},{"floor":43,"key":"Bag of Marbles"},{"floor":44,"key":"Ornamental Fan"},{"floor":47,"key":"Juzu Bracelet"}],"event_choices":[{"damage_healed":0.0,"max_hp_gain":0.0,"max_hp_loss":0.0,"gold_gain":0.0,"event_name":"Scrap Ooze","player_choice":"Success","floor":3.0,"gold_loss":0.0,"damage_taken":7.0,"relics_obtained":["Mercury Hourglass"]},{"cards_removed":["Static Discharge"],"damage_healed":32.0,"max_hp_gain":0.0,"max_hp_loss":0.0,"gold_gain":0.0,"event_name":"Bonfire Elementals","player_choice":"Offered Uncommon","floor":5.0,"gold_loss":0.0,"damage_taken":0.0},{"cards_removed":["Defend_B"],"damage_healed":0,"gold_gain":0,"player_choice":"Removed Skill","damage_taken":0,"max_hp_gain":0,"max_hp_loss":0,"event_name":"Falling","floor":36,"gold_loss":0},{"damage_healed":0,"gold_gain":0,"player_choice":"Fight","damage_taken":0,"max_hp_gain":0,"max_hp_loss":0,"event_name":"MindBloom","floor":39,"gold_loss":0}],"is_beta":false,"boss_relics":[{"not_picked":["Runic Dome","Black Star"],"picked":"Calling Bell"},{"not_picked":["Empty Cage","Fusion Hammer"],"picked":"Philosopher\u0027s Stone"}],"items_purged_floors":[4],"is_endless":false,"potions_floor_spawned":[8,12,18,19,22,23,25,27,28,29,31,33,35,37,38,39,40,44,45,48],"killed_by":"Awakened One","ascension_level":8}