{"gold_per_floor":[366,366,18,28,41,68,82,92,141,157,157,172,172,187,187,288,288,304,304,324,22,38,71,71,96,119,139,139,150,161,178,178,276,276,287,338,349,399,41,41,69,69,123,148,148,108,108,123,123,123,123,123,123,150,150],"floor_reached":56,"playtime":7438,"items_purged":["Strike_B","Strike_B"],"score":1595,"play_id":"b3f2edbe-2371-4019-b85e-f8e3afeed7f9","local_time":"20201031124925","is_ascension_mode":true,"campfire_choices":[{"floor":13.0,"key":"REST"},{"data":"Consume","floor":15.0,"key":"SMITH"},{"floor":28.0,"key":"REST"},{"floor":32.0,"key":"REST"},{"floor":40.0,"key":"REST"},{"floor":42.0,"key":"REST"},{"data":"Defragment","floor":45.0,"key":"SMITH"},{"floor":49.0,"key":"RECALL"},{"data":"Defragment","floor":52.0,"key":"SMITH"}],"neow_cost":"TEN_PERCENT_HP_LOSS","seed_source_timestamp":0,"circlet_count":0,"master_deck":["Strike_B+1","Defend_B","Defend_B","Defend_B","Defend_B","Zap","Dualcast","Cold Snap","Conserve Battery","Reinforced Body","Static Discharge","Capacitor","Consume+1","Chill","Redo","Barrage+1","Coolheaded","Sunder","Electrodynamics","Ball Lightning+1","Defragment+1","Tempest","Chill+1","Capacitor","Biased Cognition","Steam+1","Hologram+1","BootSequence+1","Conserve Battery+1","Defragment+1","Amplify"],"special_seed":0,"relics":["Cracked Core","Question Card","Shuriken","Oddly Smooth Stone","Inserter","Lizard Tail","White Beast Statue","Whetstone","Anchor","Snecko Eye","Bird Faced Urn","Emotion Chip","Eternal Feather","Darkstone Periapt","Meat on the Bone","FossilizedHelix"],"potions_floor_usage":[55,55,55],"damage_taken":[{"damage":1.0,"enemies":"Jaw Worm","floor":1.0,"turns":4.0},{"damage":0.0,"enemies":"Cultist","floor":4.0,"turns":3.0},{"damage":8.0,"enemies":"Small Slimes","floor":5.0,"turns":4.0},{"damage":16.0,"enemies":"3 Sentries","floor":6.0,"turns":7.0},{"damage":10.0,"enemies":"Red Slaver","floor":7.0,"turns":4.0},{"damage":9.0,"enemies":"Lots of Slimes","floor":8.0,"turns":5.0},{"damage":6.0,"enemies":"Exordium Wildlife","floor":10.0,"turns":5.0},{"damage":1.0,"enemies":"Looter","floor":12.0,"turns":3.0},{"damage":0.0,"enemies":"Blue Slaver","floor":14.0,"turns":5.0},{"damage":14.0,"enemies":"Slime Boss","floor":16.0,"turns":12.0},{"damage":5.0,"enemies":"Shell Parasite","floor":18.0,"turns":6.0},{"damage":0.0,"enemies":"3 Byrds","floor":20.0,"turns":2.0},{"damage":13.0,"enemies":"Cultist and Chosen","floor":22.0,"turns":6.0},{"damage":0.0,"enemies":"Gremlin Leader","floor":23.0,"turns":5.0},{"damage":21.0,"enemies":"Slavers","floor":25.0,"turns":6.0},{"damage":14.0,"enemies":"Centurion and Healer","floor":27.0,"turns":5.0},{"damage":5.0,"enemies":"Snake Plant","floor":29.0,"turns":6.0},{"damage":0.0,"enemies":"Snecko","floor":30.0,"turns":6.0},{"damage":7.0,"enemies":"Shelled Parasite and Fungi","floor":31.0,"turns":6.0},{"damage":8.0,"enemies":"Champ","floor":33.0,"turns":10.0},{"damage":0.0,"enemies":"3 Shapes","floor":35.0,"turns":4.0},{"damage":53.0,"enemies":"2 Orb Walkers","floor":36.0,"turns":4.0},{"damage":3.0,"enemies":"Orb Walker","floor":37.0,"turns":4.0},{"damage":0.0,"enemies":"Mind Bloom Boss Battle","floor":38.0,"turns":8.0},{"damage":37.0,"enemies":"Giant Head","floor":41.0,"turns":10.0},{"damage":0.0,"enemies":"Nemesis","floor":44.0,"turns":9.0},{"damage":6.0,"enemies":"Sphere and 2 Shapes","floor":47.0,"turns":3.0},{"damage":16.0,"enemies":"Writhing Mass","floor":48.0,"turns":5.0},{"damage":14.0,"enemies":"Donu and Deca","floor":50.0,"turns":9.0},{"damage":30.0,"enemies":"Shield and Spear","floor":54.0,"turns":6.0},{"damage":72,"enemies":"The Heart","floor":55,"turns":8}],"seed_played":"6501879504358753775","potions_obtained":[{"floor":5.0,"key":"CultistPotion"},{"floor":7.0,"key":"FearPotion"},{"floor":8.0,"key":"AttackPotion"},{"floor":14.0,"key":"CultistPotion"},{"floor":16.0,"key":"FocusPotion"},{"floor":20.0,"key":"EssenceOfDarkness"},{"floor":25.0,"key":"Swift Potion"},{"floor":27.0,"key":"Block Potion"},{"floor":29.0,"key":"SmokeBomb"},{"floor":33.0,"key":"SpeedPotion"},{"floor":35.0,"key":"EssenceOfDarkness"},{"floor":41.0,"key":"Regen Potion"},{"floor":44.0,"key":"Dexterity Potion"},{"floor":48.0,"key":"FearPotion"}],"is_trial":false,"path_per_floor":["M","?","$","M","M","E","M","M","T","M","?","M","R","M","R","B",null,"M","?","M","$","M","E","$","E","T","M","R","M","M","M","R","B",null,"M","?","M","?","$","R","E","R","T","E","R","$","M","M","R","B",null,"R","$","E","B",null],"character_chosen":"DEFECT","items_purchased":["Question Card","Static Discharge","Lizard Tail","Eternal Feather","Defragment"],"campfire_rested":5,"item_purchase_floors":[3,3,21,39,46],"current_hp_per_floor":[67,67,67,67,59,43,33,24,24,18,18,17,37,37,37,23,57,52,52,52,52,39,39,39,18,18,4,24,19,19,12,32,24,57,57,4,5,11,11,46,19,54,54,68,68,68,62,58,68,64,67,68,68,48,34],"gold":150,"neow_bonus":"TWO_FIFTY_GOLD","is_prod":false,"is_daily":false,"chose_seed":false,"campfire_upgraded":3,"win_rate":0,"timestamp":1604166565,"path_taken":["M","?","?","M","M","E","M","M","T","M","?","M","R","M","R","BOSS","M","?","M","$","?","E","?","E","T","M","R","M","M","M","R","BOSS","M","?","M","?","$","R","E","R","T","E","R","$","M","M","R","BOSS","R","$","E","BOSS"],"build_version":"2020-07-30","purchased_purges":2,"victory":true,"max_hp_per_floor":[68,68,68,68,68,68,68,68,68,68,68,68,68,68,68,68,68,68,68,68,68,68,68,68,68,68,68,68,68,68,68,68,68,68,68,68,68,68,68,68,68,68,68,68,68,68,68,68,68,68,68,68,68,68,68],"card_choices":[{"not_picked":["Barrage","Rebound"],"picked":"Cold Snap","floor":1.0},{"not_picked":["BootSequence","Rebound","Chaos"],"picked":"Capacitor","floor":4.0},{"not_picked":["Fusion","Static Discharge","Barrage"],"picked":"Consume","floor":5.0},{"not_picked":["Skim","Go for the Eyes","Compile Driver"],"picked":"Chill","floor":6.0},{"not_picked":["Go for the Eyes","Barrage","Rebound"],"picked":"Redo","floor":7.0},{"not_picked":["Rip and Tear","Double Energy","All For One"],"picked":"Barrage","floor":8.0},{"not_picked":["Auto Shields","Hologram","Compile Driver","Conserve Battery"],"picked":"SKIP","floor":10.0},{"not_picked":["Hello World","Stack","Heatsinks"],"picked":"Coolheaded","floor":12.0},{"not_picked":["Ball Lightning","Stack","Hello World"],"picked":"Sunder","floor":14.0},{"not_picked":["Fission","Reboot","Buffer"],"picked":"Electrodynamics","floor":16.0},{"not_picked":["Beam Cell","Gash","Sweeping Beam"],"picked":"Ball Lightning+1","floor":18.0},{"not_picked":["Go for the Eyes","Streamline","Beam Cell+1"],"picked":"Defragment","floor":20.0},{"not_picked":["White Noise","Sweeping Beam","Beam Cell","Meteor Strike"],"picked":"SKIP","floor":22.0},{"not_picked":["Reprogram","Static Discharge+1","Gash","Meteor Strike"],"picked":"SKIP","floor":23.0},{"not_picked":["Sweeping Beam","Turbo+1","Redo"],"picked":"Tempest","floor":25.0},{"not_picked":["FTL","Cold Snap","Leap"],"picked":"Chill+1","floor":27.0},{"not_picked":["Undo","Multi-Cast","Hello World"],"picked":"Capacitor","floor":29.0},{"not_picked":["Gash","Beam Cell","Tempest+1","Cold Snap"],"picked":"SKIP","floor":30.0},{"not_picked":["Chill","Aggregate","Compile Driver","Hello World+1"],"picked":"SKIP","floor":31.0},{"not_picked":["Creative AI","Hyperbeam","Multi-Cast"],"picked":"Biased Cognition","floor":33.0},{"not_picked":["Compile Driver+1","Storm","Melter"],"picked":"Steam+1","floor":35.0},{"not_picked":["Gash","Turbo","Compile Driver+1"],"picked":"Hologram+1","floor":36.0},{"not_picked":["Rebound+1","Beam Cell+1","Sweeping Beam"],"picked":"BootSequence+1","floor":37.0},{"not_picked":["Streamline+1","Force Field+1","Tempest"],"picked":"Conserve Battery+1","floor":41.0},{"not_picked":["Genetic Algorithm","Storm","Ball Lightning","Tempest+1"],"picked":"SKIP","floor":44.0},{"not_picked":["Reprogram+1","Coolheaded+1","Beam Cell+1","Hologram+1"],"picked":"SKIP","floor":48.0},{"not_picked":["Chaos","Chill+1","Doom and Gloom"],"picked":"Amplify","floor":54}],"player_experience":143375,"relics_obtained":[{"floor":6.0,"key":"Shuriken"},{"floor":9.0,"key":"Oddly Smooth Stone"},{"floor":23.0,"key":"White Beast Statue"},{"floor":25.0,"key":"Whetstone"},{"floor":26.0,"key":"Anchor"},{"floor":36.0,"key":"Bird Faced Urn"},{"floor":38.0,"key":"Emotion Chip"},{"floor":41.0,"key":"Darkstone Periapt"},{"floor":44.0,"key":"Meat on the Bone"},{"floor":54,"key":"FossilizedHelix"}],"event_choices":[{"damage_healed":0.0,"max_hp_gain":0.0,"max_hp_loss":0.0,"gold_gain":0.0,"event_name":"Match and Keep!","player_choice":"2 cards matched","floor":2.0,"gold_loss":0.0,"damage_taken":0.0,"cards_obtained":["Conserve Battery","Reinforced Body"]},{"damage_healed":0.0,"max_hp_gain":0.0,"max_hp_loss":0.0,"gold_gain":0.0,"event_name":"Golden Wing","player_choice":"Ignored","floor":11.0,"gold_loss":0.0,"damage_taken":0.0},{"cards_removed":["Strike_B"],"damage_healed":0.0,"max_hp_gain":0.0,"max_hp_loss":0.0,"gold_gain":0.0,"event_name":"Purifier","player_choice":"Purged","floor":19.0,"gold_loss":0.0,"damage_taken":0.0},{"damage_healed":0.0,"max_hp_gain":0.0,"max_hp_loss":0.0,"gold_gain":0.0,"event_name":"Mysterious Sphere","player_choice":"Fight","floor":36.0,"gold_loss":0.0,"damage_taken":0.0},{"damage_healed":0.0,"max_hp_gain":0.0,"max_hp_loss":0.0,"gold_gain":0.0,"event_name":"MindBloom","player_choice":"Fight","floor":38.0,"gold_loss":0.0,"damage_taken":0.0}],"is_beta":false,"boss_relics":[{"not_picked":["Empty Cage","Ectoplasm"],"picked":"Inserter"},{"not_picked":["Astrolabe","FrozenCore"],"picked":"Snecko Eye"}],"items_purged_floors":[3,39],"is_endless":false,"potions_floor_spawned":[5,7,8,14,16,20,25,27,29,30,31,33,35,36,37,38,41,44,47,48,54],"ascension_level":7}