{"gold_per_floor":[115,128,128,128,128,128,146,146,146,146,179,204,239,13,13,142,142,155,155,70,91,71,71,92,2,2,2,33,33],"floor_reached":29,"playtime":2358,"items_purged":["Strike_B"],"score":370,"play_id":"77dd7b3a-75b6-4c7b-ab24-d866e69c77bf","local_time":"20201120194503","is_ascension_mode":true,"campfire_choices":[{"data":"Barrage","floor":6,"key":"SMITH"},{"data":"Beam Cell","floor":8,"key":"SMITH"},{"data":"Seek","floor":10,"key":"SMITH"},{"floor":15,"key":"REST"},{"floor":23,"key":"REST"},{"floor":27,"key":"REST"}],"neow_cost":"NONE","seed_source_timestamp":187631469800,"circlet_count":0,"master_deck":["AscendersBane","Strike_B","Strike_B","Defend_B","Defend_B","Defend_B","Defend_B","Zap","Dualcast","Barrage+1","Beam Cell+1","Seek+1","Steam","Melter","Barrage","Sunder","Echo Form","Capacitor+1","J.A.X.","Ball Lightning+1","Chaos","Static Discharge"],"relics":["Cracked Core","Golden Idol","Regal Pillow","Matryoshka","Odd Mushroom","Runic Capacitor","Inserter","Smiling Mask","Lantern","Mercury Hourglass","Shuriken"],"potions_floor_usage":[13,16,29],"damage_taken":[{"damage":2,"enemies":"Jaw Worm","floor":1,"turns":3},{"damage":14,"enemies":"Small Slimes","floor":2,"turns":3},{"damage":3,"enemies":"2 Louse","floor":7,"turns":3},{"damage":25,"enemies":"Lagavulin","floor":11,"turns":6},{"damage":3,"enemies":"Blue Slaver","floor":12,"turns":3},{"damage":11,"enemies":"The Mushroom Lair","floor":13,"turns":4},{"damage":15,"enemies":"Slime Boss","floor":16,"turns":9},{"damage":29,"enemies":"3 Byrds","floor":18,"turns":5},{"damage":29,"enemies":"Chosen","floor":21,"turns":5},{"damage":35,"enemies":"Snecko","floor":24,"turns":5},{"damage":20,"enemies":"Gremlin Leader","floor":28,"turns":5},{"damage":37,"enemies":"Centurion and Healer","floor":29,"turns":2}],"seed_played":"7551888681907916543","potions_obtained":[{"floor":2,"key":"GamblersBrew"},{"floor":12,"key":"SneckoOil"},{"floor":13,"key":"FocusPotion"},{"floor":22,"key":"FocusPotion"}],"is_trial":false,"path_per_floor":["M","M","?","?","?","R","M","R","T","R","E","M","?","$","R","B",null,"M","?","?","M","?","R","M","$","T","R","E","M"],"character_chosen":"DEFECT","items_purchased":["Runic Capacitor","Sunder","Static Discharge"],"campfire_rested":3,"item_purchase_floors":[14,14,25],"current_hp_per_floor":[73,59,59,52,52,52,49,49,49,49,24,21,10,10,47,32,65,36,36,36,7,7,44,9,9,9,46,26,0],"gold":33,"neow_bonus":"TEN_PERCENT_HP_BONUS","is_prod":false,"is_daily":false,"chose_seed":false,"campfire_upgraded":3,"win_rate":0,"timestamp":1605923103,"path_taken":["M","M","?","?","?","R","M","R","T","R","E","M","?","$","R","BOSS","M","?","?","M","?","R","?","?","T","R","E","M"],"build_version":"2020-07-30","purchased_purges":1,"victory":false,"max_hp_per_floor":[82,82,82,82,76,76,76,76,76,76,76,76,76,76,76,76,76,76,76,76,76,76,76,76,76,76,76,76,76],"card_choices":[{"not_picked":["Compile Driver","Hologram"],"picked":"Barrage","floor":1},{"not_picked":["Compile Driver","Leap"],"picked":"Beam Cell","floor":2},{"not_picked":["Conserve Battery","Stack"],"picked":"Seek","floor":7},{"not_picked":["Undo","Stack"],"picked":"Steam","floor":11},{"not_picked":["Undo","Hologram"],"picked":"Melter","floor":12},{"not_picked":["Stack","Recycle"],"picked":"Barrage","floor":13},{"not_picked":["Seek","Buffer"],"picked":"Echo Form","floor":16},{"not_picked":["Melter","Redo"],"picked":"Capacitor+1","floor":18},{"not_picked":["Conserve Battery","Go for the Eyes"],"picked":"Ball Lightning+1","floor":21},{"not_picked":["Compile Driver+1","Electrodynamics"],"picked":"Chaos","floor":24},{"not_picked":["Steam","Leap","Scrape"],"picked":"SKIP","floor":28}],"player_experience":189252,"relics_obtained":[{"floor":9,"key":"Regal Pillow"},{"floor":11,"key":"Matryoshka"},{"floor":13,"key":"Odd Mushroom"},{"floor":26,"key":"Lantern"},{"floor":26,"key":"Mercury Hourglass"},{"floor":28,"key":"Shuriken"}],"event_choices":[{"damage_healed":0,"gold_gain":0,"player_choice":"Ignored","damage_taken":0,"max_hp_gain":0,"max_hp_loss":0,"event_name":"Liars Game","floor":3,"gold_loss":0},{"cards_removed":["Strike_B"],"damage_healed":0,"gold_gain":0,"player_choice":"Card Removal","damage_taken":7,"max_hp_gain":0,"max_hp_loss":0,"event_name":"Golden Wing","floor":4,"gold_loss":0},{"damage_healed":0,"gold_gain":0,"player_choice":"Lose Max HP","damage_taken":0,"relics_obtained":["Golden Idol"],"max_hp_gain":0,"max_hp_loss":6,"event_name":"Golden Idol","floor":5,"gold_loss":0},{"damage_healed":0,"gold_gain":0,"player_choice":"Fought Mushrooms","damage_taken":0,"max_hp_gain":0,"max_hp_loss":0,"event_name":"Mushrooms","floor":13,"gold_loss":0},{"damage_healed":0,"gold_gain":0,"player_choice":"Obtain J.A.X.","damage_taken":0,"max_hp_gain":0,"max_hp_loss":0,"event_name":"Drug Dealer","floor":19,"gold_loss":0,"cards_obtained":["J.A.X."]},{"damage_healed":0,"gold_gain":0,"player_choice":"Obtained Relic","damage_taken":0,"relics_obtained":["Smiling Mask"],"max_hp_gain":0,"max_hp_loss":0,"event_name":"Addict","floor":20,"gold_loss":85},{"damage_healed":0,"gold_gain":0,"player_choice":"Bought 1 Potion","damage_taken":0,"max_hp_gain":0,"max_hp_loss":0,"event_name":"The Woman in Blue","floor":22,"gold_loss":0}],"is_beta":false,"boss_relics":[{"not_picked":["Calling Bell","Ectoplasm"],"picked":"Inserter"}],"items_purged_floors":[25],"is_endless":false,"potions_floor_spawned":[2,12,13,28],"killed_by":"Centurion and Healer","ascension_level":11}