{"gold_per_floor":[117,128,128,146,146,146,175,175,199,214,225,244,244,256,256,357,357,367,367,383,16,26,55,55,66,142,142,15,15,30,30,30,125,125,144,144,156,174,174,174,49,49,49,80,80,96,96,96,96,96],"floor_reached":51,"playtime":4017,"items_purged":["Regret","Defend_B","Melter"],"score":941,"play_id":"d321cece-e691-4295-83f2-5347c8c87b75","local_time":"20201112214839","is_ascension_mode":true,"campfire_choices":[{"floor":6,"key":"REST"},{"floor":8,"key":"REST"},{"floor":13,"key":"REST"},{"floor":15,"key":"REST"},{"floor":24,"key":"REST"},{"floor":27,"key":"REST"},{"data":"Defragment","floor":29,"key":"SMITH"},{"data":"Loop","floor":32,"key":"SMITH"},{"floor":40,"key":"REST"},{"data":"Buffer","floor":42,"key":"SMITH"},{"floor":45,"key":"REST"},{"data":"Zap","floor":47,"key":"SMITH"},{"floor":49,"key":"REST"}],"neow_cost":"PERCENT_DAMAGE","seed_source_timestamp":312372823700,"circlet_count":0,"master_deck":["Defend_B+1","Defend_B+1","Zap+1","Dualcast+1","Hologram+1","Auto Shields+1","Loop+1","Glacier+1","Conserve Battery+1","Rebound+1","Defragment+1","Rainbow+1","Electrodynamics+1","Ball Lightning+1","Amplify+1","Stack+1","Rip and Tear+1","Sunder+1","Doom and Gloom+1","Ball Lightning+1","Cold Snap+1","Cold Snap+1","Buffer+1","Go for the Eyes+1"],"relics":["Cracked Core","Bag of Marbles","Molten Egg 2","Nunchaku","Philosopher\u0027s Stone","Lantern","Kunai","Letter Opener","Runic Pyramid","Bottled Lightning","Mummified Hand","Mark of the Bloom"],"potions_floor_usage":[16,23,33,44,50],"damage_taken":[{"damage":0,"enemies":"Cultist","floor":1,"turns":3},{"damage":0,"enemies":"Jaw Worm","floor":2,"turns":4},{"damage":0,"enemies":"2 Louse","floor":4,"turns":2},{"damage":41,"enemies":"Gremlin Nob","floor":7,"turns":5},{"damage":18,"enemies":"Large Slime","floor":10,"turns":9},{"damage":6,"enemies":"3 Louse","floor":11,"turns":3},{"damage":1,"enemies":"Exordium Wildlife","floor":12,"turns":6},{"damage":3,"enemies":"Looter","floor":14,"turns":3},{"damage":19,"enemies":"Slime Boss","floor":16,"turns":9},{"damage":15,"enemies":"2 Thieves","floor":18,"turns":2},{"damage":4,"enemies":"Spheric Guardian","floor":20,"turns":4},{"damage":13,"enemies":"Snake Plant","floor":22,"turns":4},{"damage":0,"enemies":"Gremlin Leader","floor":23,"turns":6},{"damage":7,"enemies":"Chosen and Byrds","floor":25,"turns":3},{"damage":0,"enemies":"Sentry and Sphere","floor":30,"turns":3},{"damage":54,"enemies":"Collector","floor":33,"turns":8},{"damage":17,"enemies":"3 Darklings","floor":35,"turns":3},{"damage":6,"enemies":"3 Shapes","floor":37,"turns":3},{"damage":0,"enemies":"Maw","floor":38,"turns":6},{"damage":16,"enemies":"Giant Head","floor":44,"turns":10},{"damage":13,"enemies":"Transient","floor":46,"turns":5},{"damage":42,"enemies":"Donu and Deca","floor":50,"turns":8}],"seed_played":"-258972772083267632","potions_obtained":[{"floor":1,"key":"Strength Potion"},{"floor":4,"key":"SteroidPotion"},{"floor":10,"key":"FocusPotion"},{"floor":20,"key":"Energy Potion"},{"floor":33,"key":"Ancient Potion"},{"floor":35,"key":"SkillPotion"},{"floor":37,"key":"LiquidBronze"}],"is_trial":false,"path_per_floor":["M","M","?","M","?","R","E","R","T","M","M","M","R","M","R","B",null,"M","?","M","$","M","E","R","M","T","R","$","R","M","?","R","B",null,"M","?","M","M","?","R","$","R","T","E","R","M","R","?","R","B",null],"character_chosen":"DEFECT","items_purchased":["Sunder+1","Lantern","Doom and Gloom+1","Cold Snap+1"],"campfire_rested":9,"item_purchase_floors":[21,21,21,28],"current_hp_per_floor":[50,50,35,35,35,57,16,38,38,20,14,13,35,32,54,35,65,50,50,46,46,33,33,55,48,48,70,70,70,70,70,70,16,60,43,43,37,37,37,59,59,59,59,43,65,52,52,52,52,10],"gold":96,"neow_bonus":"TRANSFORM_TWO_CARDS","is_prod":false,"is_daily":false,"chose_seed":false,"campfire_upgraded":4,"win_rate":0,"timestamp":1605239319,"path_taken":["M","M","?","M","?","R","E","R","T","M","M","M","R","M","R","BOSS","M","?","M","$","M","E","R","M","T","R","$","R","M","?","R","BOSS","M","?","M","M","?","R","?","R","T","E","R","M","R","?","R","BOSS"],"build_version":"2020-07-30","purchased_purges":3,"victory":true,"max_hp_per_floor":[75,75,75,75,75,75,75,75,75,75,75,75,75,75,75,75,75,75,75,75,75,75,75,75,75,75,75,75,75,75,75,75,75,75,75,75,75,75,75,75,75,75,75,75,75,75,75,75,75,75],"card_choices":[{"not_picked":["Turbo","Skim"],"picked":"Melter","floor":1},{"not_picked":["Double Energy","Beam Cell"],"picked":"Loop","floor":2},{"not_picked":["Gash","Recycle"],"picked":"Glacier","floor":4},{"not_picked":["White Noise","Multi-Cast"],"picked":"Conserve Battery","floor":7},{"not_picked":["Force Field","Reinforced Body"],"picked":"Rebound+1","floor":10},{"not_picked":["Redo","Beam Cell+1"],"picked":"Defragment","floor":11},{"not_picked":["Leap","Coolheaded","Gash+1"],"picked":"SKIP","floor":12},{"not_picked":["Glacier","Reprogram"],"picked":"Rainbow","floor":14},{"not_picked":["Reboot","Fission"],"picked":"Electrodynamics","floor":16},{"not_picked":["FTL+1","Steam"],"picked":"Ball Lightning+1","floor":18},{"not_picked":["Gash+1","Redo"],"picked":"Rip and Tear+1","floor":20},{"not_picked":["Steam","Redo"],"picked":"Ball Lightning+1","floor":22},{"not_picked":["Leap","Double Energy","Beam Cell+1"],"picked":"SKIP","floor":23},{"not_picked":["Reprogram","White Noise","Reinforced Body"],"picked":"SKIP","floor":25},{"not_picked":["Blizzard+1","Beam Cell+1"],"picked":"Cold Snap+1","floor":30},{"not_picked":["Amplify","Biased Cognition"],"picked":"Buffer","floor":33},{"not_picked":["Hello World","Ball Lightning+1"],"picked":"Go for the Eyes+1","floor":35},{"not_picked":["Stack+1","Consume+1","Lockon+1"],"picked":"SKIP","floor":37},{"not_picked":["Tempest+1","Rip and Tear+1","Cold Snap+1"],"picked":"SKIP","floor":38},{"not_picked":["Hologram","Cold Snap+1","Genetic Algorithm"],"picked":"SKIP","floor":44},{"not_picked":["Barrage+1","Reinforced Body","Rip and Tear+1"],"picked":"SKIP","floor":46}],"player_experience":164426,"relics_obtained":[{"floor":7,"key":"Molten Egg 2"},{"floor":9,"key":"Nunchaku"},{"floor":23,"key":"Kunai"},{"floor":26,"key":"Letter Opener"},{"floor":43,"key":"Bottled Lightning"},{"floor":44,"key":"Mummified Hand"}],"event_choices":[{"damage_healed":0,"gold_gain":0,"player_choice":"Entered Light","damage_taken":15,"max_hp_gain":0,"max_hp_loss":0,"event_name":"Shining Light","floor":3,"gold_loss":0,"cards_upgraded":["Dualcast","Defend_B"]},{"damage_healed":0,"gold_gain":0,"player_choice":"Box","damage_taken":0,"relics_obtained":["Bag of Marbles"],"max_hp_gain":0,"max_hp_loss":0,"event_name":"Big Fish","floor":5,"gold_loss":0,"cards_obtained":["Regret"]},{"damage_healed":0,"gold_gain":0,"cards_transformed":["Strike_B","Strike_B"],"player_choice":"Became Test Subject","damage_taken":0,"max_hp_gain":0,"max_hp_loss":0,"event_name":"Drug Dealer","floor":19,"gold_loss":0,"cards_obtained":["Amplify","Stack"]},{"damage_healed":0,"gold_gain":0,"player_choice":"Ignored","damage_taken":0,"max_hp_gain":0,"max_hp_loss":0,"event_name":"Vampires","floor":31,"gold_loss":0},{"cards_removed":["Defend_B"],"damage_healed":0,"gold_gain":0,"player_choice":"Removed Skill","damage_taken":0,"max_hp_gain":0,"max_hp_loss":0,"event_name":"Falling","floor":36,"gold_loss":0},{"damage_healed":0,"gold_gain":0,"player_choice":"Ignored","damage_taken":0,"max_hp_gain":0,"max_hp_loss":0,"event_name":"Tomb of Lord Red Mask","floor":39,"gold_loss":0},{"damage_healed":0,"gold_gain":0,"player_choice":"Upgrade","damage_taken":0,"relics_obtained":["Mark of the Bloom"],"max_hp_gain":0,"max_hp_loss":0,"event_name":"MindBloom","floor":48,"gold_loss":0,"cards_upgraded":["Defend_B","Hologram","Auto Shields","Glacier","Conserve Battery","Rainbow","Electrodynamics","Amplify","Stack"]}],"is_beta":false,"boss_relics":[{"not_picked":["Coffee Dripper","Empty Cage"],"picked":"Philosopher\u0027s Stone"},{"not_picked":["Sozu","Nuclear Battery"],"picked":"Runic Pyramid"}],"items_purged_floors":[21,28,41],"is_endless":false,"potions_floor_spawned":[1,4,10,20,33,35,37],"ascension_level":8}