{"gold_per_floor":[13,32,43,43,43,43,55,84,84,109,109,126,141,161,161,260,260,276,294,68,87,87,87,122,122,122,136,235,6,6,26,26,130,130,141,161,161,161],"floor_reached":39,"playtime":4212,"items_purged":["Strike_B","Decay"],"score":816,"play_id":"c5187d76-3f0f-4429-b296-44afcc8522a5","local_time":"20201113220514","is_ascension_mode":true,"campfire_choices":[{"data":"Zap","floor":6,"key":"SMITH"},{"floor":11,"key":"REST"},{"floor":15,"key":"REST"},{"floor":23,"key":"REST"},{"floor":25,"key":"REST"},{"data":"Defragment","floor":32,"key":"SMITH"}],"neow_cost":"NO_GOLD","seed_source_timestamp":1842212398400,"circlet_count":0,"master_deck":["Defend_B","Defend_B","Defend_B","Defend_B","Zap+1","Dualcast","Steam","Core Surge","Turbo","Capacitor","Streamline","Sweeping Beam","Fusion","Genetic Algorithm","Go for the Eyes+1","Skim","Biased Cognition","Cold Snap+1","Self Repair","Defragment+1","FTL+1","Chill","Hologram","Redo+1","Barrage+1","Echo Form","Barrage+1","Redo+1"],"relics":["Cracked Core","Cables","Gambling Chip","Molten Egg 2","Ice Cream","SlaversCollar","Bag of Marbles","Oddly Smooth Stone","Sozu"],"potions_floor_usage":[8,14,16,16,24,27,33,33,38,38],"damage_taken":[{"damage":7,"enemies":"Jaw Worm","floor":1,"turns":4},{"damage":4,"enemies":"Small Slimes","floor":2,"turns":3},{"damage":0,"enemies":"2 Louse","floor":3,"turns":1},{"damage":14,"enemies":"Lots of Slimes","floor":7,"turns":4},{"damage":10,"enemies":"3 Sentries","floor":8,"turns":4},{"damage":7,"enemies":"Gremlin Nob","floor":10,"turns":3},{"damage":7,"enemies":"Exordium Wildlife","floor":12,"turns":3},{"damage":20,"enemies":"Large Slime","floor":13,"turns":5},{"damage":0,"enemies":"Blue Slaver","floor":14,"turns":3},{"damage":40,"enemies":"Hexaghost","floor":16,"turns":12},{"damage":18,"enemies":"Shell Parasite","floor":18,"turns":4},{"damage":11,"enemies":"3 Byrds","floor":19,"turns":4},{"damage":23,"enemies":"Shelled Parasite and Fungi","floor":21,"turns":5},{"damage":17,"enemies":"Book of Stabbing","floor":24,"turns":6},{"damage":0,"enemies":"3 Cultists","floor":27,"turns":8},{"damage":14,"enemies":"Centurion and Healer","floor":31,"turns":6},{"damage":11,"enemies":"Collector","floor":33,"turns":12},{"damage":10,"enemies":"Orb Walker","floor":35,"turns":3},{"damage":28,"enemies":"3 Darklings","floor":36,"turns":6},{"damage":26,"enemies":"Donu and Deca","floor":38,"turns":9}],"seed_played":"2697020537021947386","potions_obtained":[{"floor":1,"key":"AttackPotion"},{"floor":10,"key":"DuplicationPotion"},{"floor":12,"key":"Weak Potion"},{"floor":13,"key":"CultistPotion"},{"floor":14,"key":"EssenceOfSteel"},{"floor":21,"key":"FearPotion"},{"floor":24,"key":"Regen Potion"},{"floor":33,"key":"PowerPotion"}],"is_trial":false,"path_per_floor":["M","M","M","?","T","R","M","E","T","E","R","M","M","M","R","B",null,"M","M","$","M","?","R","E","R","T","M","?","$","?","M","R","B",null,"M","M","?","B",null],"character_chosen":"DEFECT","items_purchased":["Defragment","FTL+1","LiquidBronze","PowerPotion"],"campfire_rested":4,"item_purchase_floors":[20,20,29,29],"current_hp_per_floor":[61,57,57,57,57,57,43,33,33,26,48,41,21,21,43,3,57,39,28,28,5,5,27,17,39,39,61,61,61,61,54,54,50,69,66,45,45,26],"gold":161,"neow_bonus":"TRANSFORM_TWO_CARDS","is_prod":false,"is_daily":false,"chose_seed":false,"campfire_upgraded":2,"win_rate":0,"timestamp":1605326714,"path_taken":["M","M","M","?","?","R","M","E","T","E","R","M","M","M","R","BOSS","M","M","$","M","?","R","E","R","T","M","?","$","?","M","R","BOSS","M","M","?","BOSS"],"build_version":"2020-07-30","purchased_purges":2,"victory":true,"max_hp_per_floor":[75,75,75,75,75,75,75,75,75,75,75,75,75,75,75,75,75,75,75,75,75,75,75,75,75,75,75,75,75,75,75,75,75,75,75,75,75,75],"card_choices":[{"not_picked":["White Noise","Beam Cell"],"picked":"Turbo","floor":1},{"not_picked":["Turbo","Tempest"],"picked":"Capacitor","floor":2},{"not_picked":["Reprogram","Rebound"],"picked":"Streamline","floor":3},{"not_picked":["Steam","Stack"],"picked":"Sweeping Beam","floor":7},{"not_picked":["Core Surge","Stack"],"picked":"Fusion","floor":8},{"not_picked":["Sweeping Beam+1","Undo"],"picked":"Genetic Algorithm","floor":10},{"not_picked":["Steam","Stack"],"picked":"Go for the Eyes+1","floor":12},{"not_picked":["Go for the Eyes+1","Gash+1"],"picked":"Skim","floor":13},{"not_picked":["Hello World","Turbo","Leap"],"picked":"SKIP","floor":14},{"not_picked":["All For One+1","Echo Form"],"picked":"Biased Cognition","floor":16},{"not_picked":["Undo","Stack"],"picked":"Cold Snap+1","floor":18},{"not_picked":["Rebound+1","Scrape+1"],"picked":"Self Repair","floor":19},{"not_picked":["Compile Driver+1","BootSequence+1"],"picked":"Chill","floor":21},{"not_picked":["Turbo","Beam Cell+1"],"picked":"Hologram","floor":24},{"not_picked":["Recycle","Storm"],"picked":"Redo+1","floor":27},{"not_picked":["Heatsinks","Skim"],"picked":"Barrage+1","floor":31},{"not_picked":["Core Surge+1","Machine Learning"],"picked":"Echo Form","floor":33},{"not_picked":["Rip and Tear+1","Beam Cell+1"],"picked":"Barrage+1","floor":35},{"not_picked":["Sweeping Beam+1","Turbo"],"picked":"Redo+1","floor":36}],"player_experience":168443,"relics_obtained":[{"floor":5,"key":"Cables"},{"floor":8,"key":"Gambling Chip"},{"floor":9,"key":"Molten Egg 2"},{"floor":10,"key":"Ice Cream"},{"floor":24,"key":"Bag of Marbles"},{"floor":26,"key":"Oddly Smooth Stone"}],"event_choices":[{"cards_removed":["Strike_B"],"damage_healed":0,"gold_gain":0,"player_choice":"Forget","damage_taken":0,"max_hp_gain":0,"max_hp_loss":0,"event_name":"Living Wall","floor":4,"gold_loss":0},{"damage_healed":0,"gold_gain":0,"player_choice":"Smashed Altar","damage_taken":0,"max_hp_gain":0,"max_hp_loss":0,"event_name":"Forgotten Altar","floor":22,"gold_loss":0,"cards_obtained":["Decay"]},{"damage_healed":0,"gold_gain":99,"player_choice":"Stole From Cult","damage_taken":0,"max_hp_gain":0,"max_hp_loss":0,"event_name":"Nest","floor":28,"gold_loss":0},{"damage_healed":0,"gold_gain":0,"player_choice":"Ignored","damage_taken":0,"max_hp_gain":0,"max_hp_loss":0,"event_name":"The Mausoleum","floor":30,"gold_loss":0},{"damage_healed":0,"gold_gain":0,"player_choice":"Took Portal","damage_taken":0,"max_hp_gain":0,"max_hp_loss":0,"event_name":"SecretPortal","floor":37,"gold_loss":0}],"is_beta":false,"boss_relics":[{"not_picked":["Tiny House","Calling Bell"],"picked":"SlaversCollar"},{"not_picked":["Runic Dome","Velvet Choker"],"picked":"Sozu"}],"items_purged_floors":[20,29],"is_endless":false,"potions_floor_spawned":[1,10,12,13,14,21,24,33,35],"ascension_level":9}