{"gold_per_floor":[12,12,12,0,13,13,34,54,80,98,119,119,119,152,152,276,276,291,312,328,328,428,428,446,469,492,492,531,555,555,21,21,21],"floor_reached":33,"playtime":3874,"items_purged":["Strike_B"],"score":429,"play_id":"5fe40c62-543b-4e0e-bcaa-dcea7d994189","local_time":"20201114220915","is_ascension_mode":true,"campfire_choices":[{"data":"Zap","floor":6,"key":"SMITH"},{"data":"Redo","floor":12,"key":"SMITH"},{"floor":15,"key":"REST"},{"floor":23,"key":"REST"},{"data":"Fission","floor":27,"key":"SMITH"},{"floor":30,"key":"REST"},{"floor":32,"key":"REST"}],"neow_cost":"NO_GOLD","seed_source_timestamp":4380298305500,"circlet_count":0,"master_deck":["AscendersBane","Defend_B","Defend_B","Defend_B","Zap+1","Dualcast","Redo+1","Rip and Tear","Rebound","Streamline","Sweeping Beam","Chill","Go for the Eyes","Glacier","All For One","Blizzard","Fission+1","Hologram","Chaos+1","Melter","Go for the Eyes+1","Coolheaded","Genetic Algorithm","Chaos+1","Leap"],"relics":["Cracked Core","Golden Idol","Smiling Mask","Centennial Puzzle","SlaversCollar","Strawberry","HornCleat","Mango","DollysMirror"],"potions_floor_usage":[14,20,29],"damage_taken":[{"damage":2,"enemies":"Jaw Worm","floor":1,"turns":2},{"damage":4,"enemies":"2 Louse","floor":5,"turns":2},{"damage":0,"enemies":"Cultist","floor":7,"turns":2},{"damage":7,"enemies":"Looter","floor":8,"turns":3},{"damage":6,"enemies":"3 Louse","floor":10,"turns":2},{"damage":6,"enemies":"Exordium Thugs","floor":11,"turns":4},{"damage":9,"enemies":"Lagavulin","floor":14,"turns":4},{"damage":13,"enemies":"The Guardian","floor":16,"turns":12},{"damage":0,"enemies":"3 Byrds","floor":18,"turns":3},{"damage":14,"enemies":"2 Thieves","floor":19,"turns":2},{"damage":24,"enemies":"Cultist and Chosen","floor":20,"turns":7},{"damage":17,"enemies":"Snake Plant","floor":24,"turns":4},{"damage":2,"enemies":"Sentry and Sphere","floor":25,"turns":3},{"damage":17,"enemies":"Book of Stabbing","floor":28,"turns":6},{"damage":12,"enemies":"Centurion and Healer","floor":29,"turns":5},{"damage":82,"enemies":"Champ","floor":33,"turns":15}],"seed_played":"-5919390857669583548","potions_obtained":[{"floor":8,"key":"FearPotion"},{"floor":11,"key":"EssenceOfDarkness"},{"floor":19,"key":"Block Potion"},{"floor":20,"key":"SteroidPotion"},{"floor":25,"key":"Dexterity Potion"},{"floor":28,"key":"FocusPotion"}],"is_trial":false,"path_per_floor":["M","?","?","?","M","R","M","M","T","M","M","R","?","E","R","B",null,"M","M","M","?","?","R","M","M","T","R","E","M","R","$","R","B"],"character_chosen":"DEFECT","items_purchased":["Mango","DollysMirror","Leap"],"campfire_rested":4,"item_purchase_floors":[31,31,31],"current_hp_per_floor":[66,66,59,59,55,55,55,48,48,42,36,36,36,27,47,34,60,60,46,22,22,22,42,25,23,30,30,13,1,23,37,64,0],"gold":21,"neow_bonus":"TRANSFORM_TWO_CARDS","is_prod":false,"is_daily":false,"chose_seed":false,"campfire_upgraded":3,"win_rate":0,"timestamp":1605413355,"path_taken":["M","?","?","?","M","R","M","M","T","M","M","R","?","E","R","BOSS","M","?","M","?","?","R","M","M","T","R","E","?","R","$","R","BOSS"],"build_version":"2020-07-30","purchased_purges":1,"victory":false,"max_hp_per_floor":[75,69,69,69,69,69,69,69,69,69,69,69,69,69,69,69,69,69,69,69,69,69,69,69,69,76,76,76,76,76,90,90,90],"card_choices":[{"not_picked":["Compile Driver","White Noise"],"picked":"Rebound","floor":1},{"not_picked":["Redo","Hologram"],"picked":"Streamline","floor":5},{"not_picked":["Compile Driver","Undo"],"picked":"Sweeping Beam","floor":7},{"not_picked":["Recycle","Auto Shields"],"picked":"Chill","floor":8},{"not_picked":["Barrage","Streamline"],"picked":"Go for the Eyes","floor":10},{"not_picked":["Gash","Blizzard"],"picked":"Glacier","floor":11},{"not_picked":["Barrage","Reprogram"],"picked":"Blizzard","floor":14},{"not_picked":["Machine Learning","Meteor Strike"],"picked":"Fission","floor":16},{"not_picked":["Compile Driver","Stack"],"picked":"Hologram","floor":18},{"not_picked":["Ball Lightning","BootSequence+1"],"picked":"Chaos+1","floor":19},{"not_picked":["Beam Cell","Tempest+1"],"picked":"Melter","floor":20},{"not_picked":["Meteor Strike","Compile Driver"],"picked":"Go for the Eyes+1","floor":24},{"not_picked":["Ball Lightning","Stack+1"],"picked":"Coolheaded","floor":25},{"not_picked":["Ball Lightning","Sweeping Beam","Skim"],"picked":"SKIP","floor":28},{"not_picked":["Echo Form","Leap"],"picked":"Genetic Algorithm","floor":29}],"player_experience":172655,"relics_obtained":[{"floor":9,"key":"Smiling Mask"},{"floor":14,"key":"Centennial Puzzle"},{"floor":26,"key":"Strawberry"},{"floor":28,"key":"HornCleat"}],"event_choices":[{"damage_healed":0,"gold_gain":0,"player_choice":"Lose Max HP","damage_taken":0,"relics_obtained":["Golden Idol"],"max_hp_gain":0,"max_hp_loss":6,"event_name":"Golden Idol","floor":2,"gold_loss":0},{"cards_removed":["Strike_B"],"damage_healed":0,"gold_gain":0,"player_choice":"Card Removal","damage_taken":7,"max_hp_gain":0,"max_hp_loss":0,"event_name":"Golden Wing","floor":3,"gold_loss":0},{"damage_healed":0,"gold_gain":0,"player_choice":"Left Gold","damage_taken":0,"max_hp_gain":0,"max_hp_loss":0,"event_name":"World of Goop","floor":4,"gold_loss":12},{"damage_healed":0,"gold_gain":0,"cards_transformed":["Defend_B"],"player_choice":"Transformed","damage_taken":0,"max_hp_gain":0,"max_hp_loss":0,"event_name":"Transmorgrifier","floor":13,"gold_loss":0,"cards_obtained":["All For One"]},{"damage_healed":0,"gold_gain":0,"player_choice":"Ignored","damage_taken":0,"max_hp_gain":0,"max_hp_loss":0,"event_name":"The Mausoleum","floor":21,"gold_loss":0},{"damage_healed":0,"gold_gain":100,"player_choice":"Pray","damage_taken":0,"max_hp_gain":0,"max_hp_loss":0,"event_name":"Golden Shrine","floor":22,"gold_loss":0}],"is_beta":false,"boss_relics":[{"not_picked":["SacredBark","Calling Bell"],"picked":"SlaversCollar"}],"items_purged_floors":[31],"is_endless":false,"potions_floor_spawned":[8,11,19,20,25,28],"killed_by":"Champ","ascension_level":10}