{"gold_per_floor":[13,13,28,28,28,28,39,16,16,30,30,63,63,93,93,195,195,211,225,225,225,225,258,258,273,273,292,326,326,326,339,339,443,443,457,382,395,395,495,495,495],"floor_reached":41,"playtime":3149,"items_purged":["Defend_B"],"score":656,"play_id":"2fc3dfc6-1f7a-44c9-8c5f-9c5ce27d47c9","local_time":"20201115164825","is_ascension_mode":true,"campfire_choices":[{"data":"Dualcast","floor":6,"key":"SMITH"},{"data":"Sweeping Beam","floor":11,"key":"SMITH"},{"data":"Ball Lightning","floor":13,"key":"SMITH"},{"data":"Genetic Algorithm","floor":15,"key":"SMITH"},{"data":"Coolheaded","floor":24,"key":"SMITH"},{"data":"Hyperbeam","floor":30,"key":"SMITH"},{"data":"Redo","floor":32,"key":"SMITH"},{"data":"Madness","floor":40,"key":"SMITH"}],"neow_cost":"NO_GOLD","seed_source_timestamp":214721669100,"circlet_count":0,"master_deck":["AscendersBane","Strike_B+1","Strike_B+1","Defend_B","Defend_B","Defend_B","Zap+1","Dualcast+1","Genetic Algorithm+1","Sweeping Beam+1","Steam","Coolheaded+1","Ball Lightning+1","Glacier","Self Repair+1","Hyperbeam+1","Streamline+1","Necronomicurse","Redo+1","Echo Form+1","Rebound+1","Madness","Madness+1"],"relics":["Cracked Core","PreservedInsect","Frozen Egg 2","Regal Pillow","Whetstone","Busted Crown","Bag of Marbles","Cables","Bottled Lightning","Sundial","Necronomicon","Philosopher\u0027s Stone"],"potions_floor_usage":[12,14,23,27,28,33],"damage_taken":[{"damage":0,"enemies":"2 Louse","floor":1,"turns":3},{"damage":4,"enemies":"Small Slimes","floor":3,"turns":4},{"damage":0,"enemies":"Cultist","floor":7,"turns":4},{"damage":0,"enemies":"Large Slime","floor":10,"turns":5},{"damage":2,"enemies":"3 Sentries","floor":12,"turns":3},{"damage":7,"enemies":"Gremlin Nob","floor":14,"turns":3},{"damage":36,"enemies":"Slime Boss","floor":16,"turns":11},{"damage":9,"enemies":"2 Thieves","floor":18,"turns":3},{"damage":0,"enemies":"3 Byrds","floor":19,"turns":5},{"damage":2,"enemies":"Slavers","floor":23,"turns":8},{"damage":1,"enemies":"Snake Plant","floor":25,"turns":5},{"damage":4,"enemies":"Centurion and Healer","floor":27,"turns":7},{"damage":7,"enemies":"Book of Stabbing","floor":28,"turns":4},{"damage":2,"enemies":"Shelled Parasite and Fungi","floor":31,"turns":7},{"damage":52,"enemies":"Champ","floor":33,"turns":14},{"damage":9,"enemies":"3 Shapes","floor":35,"turns":2},{"damage":0,"enemies":"Orb Walker","floor":37,"turns":1},{"damage":53,"enemies":"Giant Head","floor":41,"turns":6}],"seed_played":"4220670477499613214","potions_obtained":[{"floor":1,"key":"AttackPotion"},{"floor":3,"key":"LiquidMemories"},{"floor":16,"key":"Block Potion"},{"floor":19,"key":"FocusPotion"},{"floor":23,"key":"FocusPotion"},{"floor":27,"key":"LiquidBronze"},{"floor":31,"key":"FocusPotion"},{"floor":33,"key":"BlessingOfTheForge"},{"floor":35,"key":"Energy Potion"}],"is_trial":false,"path_per_floor":["M","?","M","?","?","R","M","$","T","M","R","E","R","E","R","B",null,"M","M","$","?","T","E","R","M","T","M","E","?","R","M","R","B",null,"M","$","M","?","?","R","E"],"character_chosen":"DEFECT","items_purchased":["Coolheaded"],"campfire_rested":0,"item_purchase_floors":[8],"current_hp_per_floor":[68,68,64,39,75,75,75,75,75,75,75,73,73,66,66,40,66,57,57,57,57,57,65,65,74,74,75,75,59,59,67,67,25,63,54,54,54,45,45,45,0],"gold":495,"neow_bonus":"REMOVE_TWO","is_prod":false,"is_daily":false,"chose_seed":false,"campfire_upgraded":8,"win_rate":0,"timestamp":1605480505,"path_taken":["M","?","M","?","?","R","M","$","T","M","R","E","R","E","R","BOSS","M","M","?","?","?","E","R","M","T","?","E","?","R","M","R","BOSS","M","$","M","?","?","R","E"],"build_version":"2020-07-30","purchased_purges":1,"victory":false,"max_hp_per_floor":[75,75,75,75,75,75,75,75,75,75,75,75,75,75,75,75,75,75,75,75,75,75,75,75,75,75,75,75,75,75,75,75,75,75,75,75,75,75,75,75,75],"card_choices":[{"not_picked":["Scrape","Sweeping Beam"],"picked":"Genetic Algorithm","floor":1},{"not_picked":["Turbo","Rebound"],"picked":"Sweeping Beam","floor":3},{"not_picked":["Leap","Melter"],"picked":"Steam","floor":7},{"not_picked":["Leap","BootSequence"],"picked":"Ball Lightning","floor":10},{"not_picked":["Cold Snap","Double Energy"],"picked":"Glacier","floor":12},{"not_picked":["Heatsinks+1","Steam Power"],"picked":"Self Repair+1","floor":14},{"not_picked":["Fission","Reboot"],"picked":"Hyperbeam","floor":16},{"not_picked":[],"picked":"Streamline+1","floor":18},{"not_picked":["Steam"],"picked":"SKIP","floor":19},{"not_picked":["Reprogram+1"],"picked":"SKIP","floor":23},{"not_picked":["Force Field+1"],"picked":"SKIP","floor":25},{"not_picked":["Coolheaded"],"picked":"SKIP","floor":27},{"not_picked":["Skim"],"picked":"SKIP","floor":28},{"not_picked":[],"picked":"Redo","floor":31},{"not_picked":[],"picked":"Echo Form+1","floor":33},{"not_picked":[],"picked":"Rebound+1","floor":35},{"not_picked":["Recycle+1"],"picked":"SKIP","floor":37}],"player_experience":176529,"relics_obtained":[{"floor":9,"key":"Frozen Egg 2"},{"floor":12,"key":"Regal Pillow"},{"floor":14,"key":"Whetstone"},{"floor":22,"key":"Bag of Marbles"},{"floor":23,"key":"Cables"},{"floor":26,"key":"Bottled Lightning"},{"floor":28,"key":"Sundial"},{"floor":29,"key":"Necronomicon"}],"event_choices":[{"damage_healed":0,"gold_gain":0,"player_choice":"Grow","damage_taken":0,"max_hp_gain":0,"max_hp_loss":0,"event_name":"Living Wall","floor":2,"gold_loss":0,"cards_upgraded":["Zap"]},{"damage_healed":0,"gold_gain":0,"player_choice":"Success","damage_taken":25,"relics_obtained":["PreservedInsect"],"max_hp_gain":0,"max_hp_loss":0,"event_name":"Scrap Ooze","floor":4,"gold_loss":0},{"damage_healed":36,"gold_gain":0,"player_choice":"Full Heal","damage_taken":0,"max_hp_gain":0,"max_hp_loss":0,"event_name":"Wheel of Change","floor":5,"gold_loss":0},{"damage_healed":0,"gold_gain":0,"player_choice":"Ignored","damage_taken":0,"max_hp_gain":0,"max_hp_loss":0,"event_name":"The Mausoleum","floor":21,"gold_loss":0},{"damage_healed":0,"gold_gain":0,"player_choice":"Obtained Book","damage_taken":16,"max_hp_gain":0,"max_hp_loss":0,"event_name":"Cursed Tome","floor":29,"gold_loss":0},{"damage_healed":0,"gold_gain":0,"player_choice":"Embrace Madness","damage_taken":9,"max_hp_gain":0,"max_hp_loss":0,"event_name":"Winding Halls","floor":38,"gold_loss":0,"cards_obtained":["Madness","Madness"]},{"damage_healed":0,"gold_gain":100,"player_choice":"Pray","damage_taken":0,"max_hp_gain":0,"max_hp_loss":0,"event_name":"Golden Shrine","floor":39,"gold_loss":0}],"is_beta":false,"boss_relics":[{"not_picked":["Sozu","Runic Dome"],"picked":"Busted Crown"},{"not_picked":["Coffee Dripper","Empty Cage"],"picked":"Philosopher\u0027s Stone"}],"items_purged_floors":[36],"is_endless":false,"potions_floor_spawned":[1,3,16,19,23,27,31,33,35],"killed_by":"Giant Head","ascension_level":10}