{"gold_per_floor":[117,117,132,143,159,184,184,219,219,239,239,264,264,295,295,399,399,416,434,56,69,84,84,110,110,110,136,13,13,13,33,33,130,130,141,154,154],"floor_reached":37,"playtime":3454,"items_purged":[],"score":681,"play_id":"02c2ce2f-01a6-453c-9ce1-e03b584e0812","local_time":"20201116204621","is_ascension_mode":true,"campfire_choices":[{"data":"Echo Form","floor":7,"key":"SMITH"},{"floor":11,"key":"REST"},{"floor":15,"key":"REST"},{"floor":23,"key":"REST"},{"data":"Loop","floor":25,"key":"SMITH"},{"floor":32,"key":"REST"}],"neow_cost":"NONE","seed_source_timestamp":243047055700,"circlet_count":0,"master_deck":["AscendersBane","Strike_B","Strike_B","Strike_B","Defend_B+1","Defend_B","Defend_B+1","Defend_B","Zap","Dualcast","Coolheaded","BootSequence","Doom and Gloom","Echo Form+1","Loop+1","Go for the Eyes","BootSequence","Multi-Cast","Turbo+1","Ball Lightning","Chill+1","Conserve Battery","Double Energy","Hologram","Genetic Algorithm","Genetic Algorithm+1","Parasite"],"relics":["Cracked Core","Regal Pillow","Omamori","Bag of Preparation","Bottled Lightning","Vajra","Gremlin Horn","Cursed Key","Thread and Needle","Calipers","Kunai","Boot","Necronomicon","Inserter"],"potions_floor_usage":[10,18,18,22,24,33],"damage_taken":[{"damage":7,"enemies":"Jaw Worm","floor":1,"turns":4},{"damage":0,"enemies":"Cultist","floor":3,"turns":4},{"damage":0,"enemies":"Small Slimes","floor":4,"turns":4},{"damage":10,"enemies":"Blue Slaver","floor":5,"turns":5},{"damage":20,"enemies":"3 Sentries","floor":6,"turns":4},{"damage":18,"enemies":"Lagavulin","floor":8,"turns":8},{"damage":6,"enemies":"Large Slime","floor":10,"turns":6},{"damage":19,"enemies":"3 Sentries","floor":14,"turns":5},{"damage":16,"enemies":"Hexaghost","floor":16,"turns":8},{"damage":10,"enemies":"Spheric Guardian","floor":18,"turns":5},{"damage":10,"enemies":"3 Byrds","floor":19,"turns":3},{"damage":19,"enemies":"Centurion and Healer","floor":21,"turns":6},{"damage":11,"enemies":"3 Cultists","floor":22,"turns":5},{"damage":4,"enemies":"Gremlin Leader","floor":24,"turns":9},{"damage":0,"enemies":"Slavers","floor":27,"turns":4},{"damage":2,"enemies":"Sentry and Sphere","floor":31,"turns":5},{"damage":26,"enemies":"Automaton","floor":33,"turns":8},{"damage":0,"enemies":"3 Darklings","floor":35,"turns":5},{"damage":0,"enemies":"3 Shapes","floor":36,"turns":2},{"damage":69,"enemies":"Writhing Mass","floor":37,"turns":7}],"seed_played":"-5013286901442739938","potions_obtained":[{"floor":3,"key":"FearPotion"},{"floor":4,"key":"EssenceOfSteel"},{"floor":14,"key":"Explosive Potion"},{"floor":16,"key":"SkillPotion"},{"floor":21,"key":"PotionOfCapacity"},{"floor":22,"key":"PowerPotion"},{"floor":24,"key":"BlessingOfTheForge"},{"floor":31,"key":"Explosive Potion"},{"floor":33,"key":"FearPotion"}],"is_trial":false,"path_per_floor":["M","?","M","M","M","E","R","E","T","M","R","T","?","E","R","B",null,"M","M","$","M","M","R","E","R","T","E","$","?","?","M","R","B",null,"M","M","M"],"character_chosen":"DEFECT","items_purchased":["Thread and Needle","LiquidMemories","Double Energy","Hologram"],"campfire_rested":4,"item_purchase_floors":[20,20,28,28],"current_hp_per_floor":[61,61,61,61,51,31,31,13,13,7,44,44,29,10,47,31,64,54,44,44,25,14,51,47,47,47,47,47,31,31,29,66,40,66,66,66,0],"gold":154,"neow_bonus":"RANDOM_COMMON_RELIC","is_prod":false,"is_daily":false,"chose_seed":false,"campfire_upgraded":2,"win_rate":0,"timestamp":1605581181,"path_taken":["M","?","M","M","?","E","R","E","T","M","R","?","?","E","R","BOSS","M","M","$","M","M","R","E","R","T","E","$","?","?","M","R","BOSS","M","M","M"],"build_version":"2020-07-30","purchased_purges":0,"victory":false,"max_hp_per_floor":[75,75,75,75,75,75,75,75,75,75,75,75,75,75,75,75,75,75,75,75,75,75,75,75,75,75,75,75,75,75,75,75,75,75,75,75,75],"card_choices":[{"not_picked":["Stack","Hologram"],"picked":"Coolheaded","floor":1},{"not_picked":["Stack","Blizzard"],"picked":"BootSequence","floor":3},{"not_picked":["BootSequence","Leap"],"picked":"Doom and Gloom","floor":4},{"not_picked":["Cold Snap","Leap"],"picked":"Echo Form","floor":5},{"not_picked":["Cold Snap","Barrage"],"picked":"Loop","floor":6},{"not_picked":["Turbo","Beam Cell"],"picked":"Go for the Eyes","floor":8},{"not_picked":["Blizzard","Hello World","Gash"],"picked":"SKIP","floor":10},{"not_picked":["Lockon","Blizzard"],"picked":"BootSequence","floor":14},{"not_picked":["Core Surge","Creative AI"],"picked":"Multi-Cast","floor":16},{"not_picked":["Barrage","Doom and Gloom"],"picked":"Turbo+1","floor":18},{"not_picked":["Chaos","Hello World"],"picked":"Ball Lightning","floor":19},{"not_picked":["Blizzard","Reprogram","Steam"],"picked":"SKIP","floor":21},{"not_picked":["Darkness","Compile Driver"],"picked":"Chill+1","floor":22},{"not_picked":["Coolheaded","Redo"],"picked":"Conserve Battery","floor":24},{"not_picked":["Doom and Gloom","Stack","Reinforced Body+1"],"picked":"SKIP","floor":27},{"not_picked":["Stack+1","Defragment"],"picked":"Genetic Algorithm","floor":31},{"not_picked":["Compile Driver+1","Sweeping Beam+1","Darkness+1"],"picked":"SKIP","floor":35},{"not_picked":["Undo","Steam Power+1"],"picked":"Genetic Algorithm+1","floor":36}],"player_experience":179678,"relics_obtained":[{"floor":6,"key":"Omamori"},{"floor":8,"key":"Bag of Preparation"},{"floor":9,"key":"Bottled Lightning"},{"floor":12,"key":"Vajra"},{"floor":14,"key":"Gremlin Horn"},{"floor":24,"key":"Calipers"},{"floor":26,"key":"Kunai"},{"floor":27,"key":"Boot"},{"floor":29,"key":"Necronomicon"}],"event_choices":[{"cards_removed":["Strike_B"],"damage_healed":0,"gold_gain":0,"player_choice":"Offered Basic","damage_taken":0,"max_hp_gain":0,"max_hp_loss":0,"event_name":"Bonfire Elementals","floor":2,"gold_loss":0},{"damage_healed":0,"gold_gain":0,"player_choice":"Entered Light","damage_taken":15,"max_hp_gain":0,"max_hp_loss":0,"event_name":"Shining Light","floor":13,"gold_loss":0,"cards_upgraded":["Defend_B","Defend_B"]},{"damage_healed":0,"gold_gain":0,"player_choice":"Obtained Book","damage_taken":16,"max_hp_gain":0,"max_hp_loss":0,"event_name":"Cursed Tome","floor":29,"gold_loss":0}],"is_beta":false,"boss_relics":[{"not_picked":["Fusion Hammer","Coffee Dripper"],"picked":"Cursed Key"},{"not_picked":["FrozenCore","SacredBark"],"picked":"Inserter"}],"items_purged_floors":[],"is_endless":false,"potions_floor_spawned":[3,4,14,16,21,22,24,31,33,35,36],"killed_by":"Writhing Mass","ascension_level":10}