{"gold_per_floor":[118,135,152,152,163,188,188,223,223,223,255,267,282,7,7,104,104,122,122,122,133,149,180,180,190,190,218,238,238,270,284,284,379,379,390,407,507,558,574,574,588,619,644,18,47,67,67,102,102,102,102,102,102,129,129],"floor_reached":55,"playtime":6491,"items_purged":["Strike_B","Strike_B+1"],"score":1287,"play_id":"7f07ce2f-efd0-4246-9f54-64d539f7a3ce","local_time":"20201213123420","is_ascension_mode":true,"campfire_choices":[{"floor":7,"key":"REST"},{"floor":15,"key":"REST"},{"data":"Biased Cognition","floor":24,"key":"SMITH"},{"data":"Loop","floor":32,"key":"SMITH"},{"floor":40,"key":"REST"},{"floor":47,"key":"RECALL"},{"floor":49,"key":"REST"},{"data":"Defragment","floor":52,"key":"SMITH"}],"neow_cost":"NONE","seed_source_timestamp":462082812600,"circlet_count":0,"master_deck":["AscendersBane","Strike_B+1","Strike_B+1","Defend_B+1","Defend_B+1","Defend_B+1","Defend_B+1","Zap","Dualcast","Tempest","Chill","Undo","Conserve Battery","Barrage","Melter","Biased Cognition+1","Ball Lightning","Genetic Algorithm","Cold Snap","Echo Form","Self Repair+1","Ball Lightning","Seek","Loop+1","Glacier","Hologram","Machine Learning","Barrage","Cold Snap+1","Storm+1","Biased Cognition","Defragment+1","Chaos+1","Thunder Strike+1"],"relics":["Runic Dome","Juzu Bracelet","Letter Opener","Girya","StoneCalendar","ClockworkSouvenir","Inserter","Orichalcum","Pantograph","Toy Ornithopter","Torii","Snecko Eye","WingedGreaves","Molten Egg 2","Lee\u0027s Waffle","Question Card","Kunai","Boot","Lantern"],"potions_floor_usage":[8,11,16,18,22,31,33,35,39,42,42,55,55],"damage_taken":[{"damage":5,"enemies":"Small Slimes","floor":1,"turns":3},{"damage":2,"enemies":"Jaw Worm","floor":2,"turns":3},{"damage":0,"enemies":"2 Louse","floor":3,"turns":3},{"damage":6,"enemies":"Large Slime","floor":5,"turns":6},{"damage":31,"enemies":"Gremlin Nob","floor":6,"turns":4},{"damage":15,"enemies":"Lagavulin","floor":8,"turns":6},{"damage":0,"enemies":"3 Sentries","floor":11,"turns":8},{"damage":3,"enemies":"Blue Slaver","floor":12,"turns":3},{"damage":1,"enemies":"Red Slaver","floor":13,"turns":3},{"damage":29,"enemies":"Slime Boss","floor":16,"turns":7},{"damage":27,"enemies":"2 Thieves","floor":18,"turns":4},{"damage":5,"enemies":"Shell Parasite","floor":21,"turns":6},{"damage":0,"enemies":"Sentry and Sphere","floor":22,"turns":4},{"damage":24,"enemies":"Book of Stabbing","floor":23,"turns":5},{"damage":16,"enemies":"Shelled Parasite and Fungi","floor":25,"turns":6},{"damage":29,"enemies":"Gremlin Leader","floor":27,"turns":6},{"damage":31,"enemies":"Snake Plant","floor":28,"turns":4},{"damage":10,"enemies":"Book of Stabbing","floor":30,"turns":5},{"damage":0,"enemies":"Centurion and Healer","floor":31,"turns":7},{"damage":15,"enemies":"Champ","floor":33,"turns":10},{"damage":2,"enemies":"Orb Walker","floor":35,"turns":3},{"damage":17,"enemies":"3 Shapes","floor":36,"turns":4},{"damage":31,"enemies":"2 Orb Walkers","floor":38,"turns":7},{"damage":40,"enemies":"Jaw Worm Horde","floor":39,"turns":4},{"damage":16,"enemies":"Transient","floor":41,"turns":5},{"damage":42,"enemies":"Reptomancer","floor":42,"turns":6},{"damage":16,"enemies":"Nemesis","floor":45,"turns":5},{"damage":19,"enemies":"Writhing Mass","floor":46,"turns":4},{"damage":56,"enemies":"Reptomancer","floor":48,"turns":5},{"damage":29,"enemies":"Time Eater","floor":50,"turns":6},{"damage":59,"enemies":"Shield and Spear","floor":54,"turns":5},{"damage":80,"enemies":"The Heart","floor":55,"turns":8}],"seed_played":"3968538166757407933","potions_obtained":[{"floor":1,"key":"SneckoOil"},{"floor":2,"key":"GamblersBrew"},{"floor":8,"key":"Fire Potion"},{"floor":12,"key":"EntropicBrew"},{"floor":16,"key":"Swift Potion"},{"floor":21,"key":"DuplicationPotion"},{"floor":22,"key":"Fruit Juice"},{"floor":30,"key":"SkillPotion"},{"floor":31,"key":"AttackPotion"},{"floor":33,"key":"Fire Potion"},{"floor":35,"key":"Fruit Juice"},{"floor":36,"key":"FocusPotion"},{"floor":41,"key":"Block Potion"},{"floor":46,"key":"PotionOfCapacity"}],"is_trial":false,"path_per_floor":["M","M","M","?","M","E","R","E","T","?","E","M","M","$","R","B",null,"M","?","?","M","M","E","R","M","T","E","M","?","E","M","R","B",null,"M","M","?","?","M","R","M","E","T","$","E","M","R","E","R","B",null,"R","$","E","B"],"character_chosen":"DEFECT","items_purchased":["ClockworkSouvenir","Cold Snap","Lee\u0027s Waffle","Defragment","FocusPotion","Question Card"],"campfire_rested":4,"item_purchase_floors":[14,14,44,44,44,44],"current_hp_per_floor":[63,61,61,66,60,29,53,38,38,38,38,35,34,34,58,29,67,40,40,40,55,60,56,56,60,60,51,40,40,30,55,55,80,84,90,83,83,72,37,64,58,36,36,97,97,88,88,52,81,78,92,92,92,43,0],"gold":129,"neow_bonus":"BOSS_RELIC","is_prod":false,"is_daily":false,"chose_seed":false,"campfire_upgraded":3,"win_rate":0,"timestamp":1607884460,"path_taken":["M","M","M","?","M","E","R","E","T","?","E","M","M","$","R","BOSS","M","?","?","M","M","E","R","M","T","E","M","?","E","M","R","BOSS","M","M","?","?","M","R","M","E","T","$","E","M","R","E","R","BOSS","R","$","E","BOSS"],"build_version":"2020-11-30","purchased_purges":2,"victory":false,"max_hp_per_floor":[75,75,75,80,80,80,80,80,80,80,80,80,80,80,80,80,80,80,80,80,80,85,85,85,85,85,85,85,85,85,85,85,85,85,90,90,90,90,90,90,90,90,90,97,97,97,97,97,97,97,97,97,97,97,97],"card_choices":[{"not_picked":["Hello World","Hologram"],"picked":"Tempest","floor":1},{"not_picked":["Leap","Tempest"],"picked":"Chill","floor":2},{"not_picked":["Redo","Blizzard"],"picked":"Undo","floor":3},{"not_picked":["Leap","Static Discharge"],"picked":"Conserve Battery","floor":5},{"not_picked":["Turbo","Tempest"],"picked":"Barrage","floor":6},{"not_picked":["Conserve Battery","Tempest"],"picked":"Melter","floor":8},{"not_picked":["Stack","Redo"],"picked":"Biased Cognition","floor":11},{"not_picked":["Fusion","Stack"],"picked":"Ball Lightning","floor":12},{"not_picked":["Tempest","Chaos"],"picked":"Genetic Algorithm","floor":13},{"not_picked":["Fission","Biased Cognition"],"picked":"Echo Form","floor":16},{"not_picked":["Steam","Conserve Battery"],"picked":"Self Repair+1","floor":18},{"not_picked":["Leap","Blizzard","Compile Driver"],"picked":"SKIP","floor":21},{"not_picked":["Rebound","Self Repair"],"picked":"Ball Lightning","floor":22},{"not_picked":["Reinforced Body+1","Sunder+1"],"picked":"Seek","floor":23},{"not_picked":["Compile Driver","Conserve Battery","Heatsinks+1"],"picked":"SKIP","floor":25},{"not_picked":["Scrape","Hello World"],"picked":"Loop","floor":27},{"not_picked":["Steam","Auto Shields+1"],"picked":"Glacier","floor":28},{"not_picked":["Stack","Steam Power"],"picked":"Hologram","floor":30},{"not_picked":["Chaos","Turbo+1","Compile Driver+1"],"picked":"SKIP","floor":31},{"not_picked":["Seek","Biased Cognition"],"picked":"Machine Learning","floor":33},{"not_picked":["Redo","Genetic Algorithm+1"],"picked":"Barrage","floor":35},{"not_picked":["Streamline+1","Compile Driver"],"picked":"Cold Snap+1","floor":36},{"not_picked":["Leap","Self Repair+1"],"picked":"Storm+1","floor":38},{"not_picked":["Turbo","Go for the Eyes+1"],"picked":"Biased Cognition","floor":39},{"not_picked":["Fusion","Sweeping Beam","Barrage"],"picked":"SKIP","floor":41},{"not_picked":["Ball Lightning+1","Sunder+1","Conserve Battery"],"picked":"SKIP","floor":42},{"not_picked":["Rebound+1","Biased Cognition","Redo+1","Steam"],"picked":"SKIP","floor":45},{"not_picked":["Glacier","Darkness","Sweeping Beam+1"],"picked":"Chaos+1","floor":46},{"not_picked":["Storm","Consume+1","Scrape+1","Hologram"],"picked":"SKIP","floor":48},{"not_picked":["Steam Power","Turbo+1","Auto Shields"],"picked":"Thunder Strike+1","floor":54}],"player_experience":191610,"relics_obtained":[{"floor":6,"key":"Juzu Bracelet"},{"floor":8,"key":"Letter Opener"},{"floor":9,"key":"Girya"},{"floor":11,"key":"StoneCalendar"},{"floor":23,"key":"Orichalcum"},{"floor":26,"key":"Pantograph"},{"floor":27,"key":"Toy Ornithopter"},{"floor":30,"key":"Torii"},{"floor":38,"key":"WingedGreaves"},{"floor":42,"key":"Molten Egg 2"},{"floor":45,"key":"Kunai"},{"floor":48,"key":"Boot"},{"floor":54,"key":"Lantern"}],"event_choices":[{"damage_healed":0,"gold_gain":0,"player_choice":"Donut","damage_taken":0,"max_hp_gain":5,"max_hp_loss":0,"event_name":"Big Fish","floor":4,"gold_loss":0},{"damage_healed":0,"gold_gain":0,"player_choice":"Ignored","damage_taken":0,"max_hp_gain":0,"max_hp_loss":0,"event_name":"Shining Light","floor":10,"gold_loss":0},{"damage_healed":0,"gold_gain":0,"player_choice":"Ignored","damage_taken":0,"max_hp_gain":0,"max_hp_loss":0,"event_name":"The Mausoleum","floor":19,"gold_loss":0},{"damage_healed":0,"gold_gain":0,"player_choice":"Ignored","damage_taken":0,"max_hp_gain":0,"max_hp_loss":0,"event_name":"Vampires","floor":20,"gold_loss":0},{"damage_healed":0,"gold_gain":0,"player_choice":"Simplicity","damage_taken":0,"max_hp_gain":0,"max_hp_loss":0,"event_name":"Back to Basics","floor":29,"gold_loss":0,"cards_upgraded":["Strike_B","Strike_B","Strike_B","Defend_B","Defend_B","Defend_B","Defend_B"]},{"damage_healed":0,"gold_gain":100,"player_choice":"Pray","damage_taken":0,"max_hp_gain":0,"max_hp_loss":0,"event_name":"Golden Shrine","floor":37,"gold_loss":0},{"damage_healed":0,"gold_gain":0,"player_choice":"Fight","damage_taken":0,"max_hp_gain":0,"max_hp_loss":0,"event_name":"Mysterious Sphere","floor":38,"gold_loss":0}],"is_beta":false,"boss_relics":[{"not_picked":["Velvet Choker","Nuclear Battery"],"picked":"Inserter"},{"not_picked":["Calling Bell","Busted Crown"],"picked":"Snecko Eye"}],"items_purged_floors":[14,44],"is_endless":false,"potions_floor_spawned":[1,2,8,12,16,21,22,30,31,33,35,36,41,46,48,54],"killed_by":"The Heart","ascension_level":11}