{"gold_per_floor":[112,132,132,132,9,9,43,43,43,54,54,54,64,96,96,171,171,189,205,223,223,223],"floor_reached":22,"playtime":2469,"items_purged":["Strike_B"],"score":320,"play_id":"6c609863-ed15-4e04-8e91-94d118a73039","local_time":"20201215171249","is_ascension_mode":true,"campfire_choices":[{"data":"Zap","floor":6,"key":"SMITH"},{"floor":8,"key":"REST"},{"floor":12,"key":"REST"},{"floor":15,"key":"REST"}],"neow_cost":"NONE","seed_source_timestamp":238951604200,"circlet_count":0,"master_deck":["AscendersBane","Defend_B","Defend_B","Defend_B","Defend_B","Zap+1","Dualcast","Go for the Eyes","Coolheaded","Ball Lightning","Coolheaded","Aggregate","Darkness","Cold Snap","Thunder Strike","Static Discharge","Auto Shields"],"relics":["Inserter","Blood Vial","Shuriken","Matryoshka","Calipers","Empty Cage"],"potions_floor_usage":[7,14,16,22],"damage_taken":[{"damage":16,"enemies":"Jaw Worm","floor":1,"turns":7},{"damage":1,"enemies":"Cultist","floor":2,"turns":4},{"damage":33,"enemies":"3 Sentries","floor":7,"turns":10},{"damage":12,"enemies":"Small Slimes","floor":10,"turns":3},{"damage":6,"enemies":"Blue Slaver","floor":13,"turns":4},{"damage":29,"enemies":"Gremlin Nob","floor":14,"turns":4},{"damage":30,"enemies":"Hexaghost","floor":16,"turns":13},{"damage":0,"enemies":"Chosen","floor":18,"turns":5},{"damage":8,"enemies":"Shell Parasite","floor":19,"turns":7},{"damage":31,"enemies":"Snake Plant","floor":20,"turns":6},{"damage":36,"enemies":"Snecko","floor":22,"turns":6}],"seed_played":"8040112833486231754","potions_obtained":[{"floor":2,"key":"AttackPotion"},{"floor":7,"key":"PowerPotion"},{"floor":13,"key":"GamblersBrew"},{"floor":14,"key":"Energy Potion"}],"is_trial":false,"path_per_floor":["M","M","?","?","$","R","E","R","T","M","?","R","M","E","R","B",null,"M","M","M","?","M"],"character_chosen":"DEFECT","items_purchased":["Ball Lightning"],"campfire_rested":3,"item_purchase_floors":[5],"current_hp_per_floor":[52,51,51,51,51,51,20,42,42,32,25,47,43,16,38,10,59,61,55,26,26,0],"gold":223,"neow_bonus":"BOSS_RELIC","is_prod":false,"is_daily":false,"chose_seed":false,"campfire_upgraded":1,"win_rate":0,"timestamp":1608073969,"path_taken":["M","M","?","?","$","R","E","R","T","M","?","R","M","E","R","BOSS","M","M","M","?","M"],"build_version":"2020-12-13","purchased_purges":1,"victory":false,"max_hp_per_floor":[75,75,75,75,75,75,75,75,75,75,75,75,75,75,75,75,75,75,75,75,75,75],"card_choices":[{"not_picked":["Hologram","Conserve Battery"],"picked":"Go for the Eyes","floor":1},{"not_picked":["Auto Shields","Beam Cell"],"picked":"Coolheaded","floor":2},{"not_picked":["Go for the Eyes","Leap"],"picked":"Coolheaded","floor":7},{"not_picked":["Melter","FTL"],"picked":"Aggregate","floor":10},{"not_picked":["Cold Snap","Barrage"],"picked":"Darkness","floor":13},{"not_picked":["Leap","Streamline"],"picked":"Cold Snap","floor":14},{"not_picked":["Electrodynamics","Seek"],"picked":"Thunder Strike","floor":16},{"not_picked":["Redo","Auto Shields"],"picked":"Static Discharge","floor":18},{"not_picked":["Ball Lightning","Sweeping Beam+1"],"picked":"Auto Shields","floor":19},{"not_picked":["Double Energy","Aggregate","Storm"],"picked":"SKIP","floor":20}],"player_experience":215982,"relics_obtained":[{"floor":7,"key":"Shuriken"},{"floor":9,"key":"Matryoshka"},{"floor":14,"key":"Calipers"}],"event_choices":[{"damage_healed":0,"gold_gain":0,"player_choice":"Box","damage_taken":0,"relics_obtained":["Blood Vial"],"max_hp_gain":0,"max_hp_loss":0,"event_name":"Big Fish","floor":3,"gold_loss":0,"cards_obtained":["Regret"]},{"damage_healed":0,"gold_gain":0,"player_choice":"Ignored","damage_taken":0,"max_hp_gain":0,"max_hp_loss":0,"event_name":"Golden Idol","floor":4,"gold_loss":0},{"cards_removed":["Regret"],"damage_healed":0,"gold_gain":0,"player_choice":"Card Removal","damage_taken":7,"max_hp_gain":0,"max_hp_loss":0,"event_name":"Golden Wing","floor":11,"gold_loss":0},{"cards_removed":["Strike_B"],"damage_healed":0,"gold_gain":0,"player_choice":"Purged","damage_taken":0,"max_hp_gain":0,"max_hp_loss":0,"event_name":"Purifier","floor":21,"gold_loss":0}],"is_beta":false,"boss_relics":[{"not_picked":["Black Star","Runic Pyramid"],"picked":"Empty Cage"}],"items_purged_floors":[5],"is_endless":false,"potions_floor_spawned":[2,7,13,14],"killed_by":"Snecko","ascension_level":13}