{"gold_per_floor":[16,36,55,55,55,55,82,82,82,98,141,161,186,207,207,303,303,318,98,118,43,0,0,35,35,35,68,81,106,125,125],"floor_reached":31,"playtime":2452,"items_purged":["Strike_B"],"score":460,"play_id":"20ab1c64-a4fa-41af-884d-63a14b5d2d0c","local_time":"20201215175931","is_ascension_mode":true,"campfire_choices":[{"data":"Zap","floor":6.0,"key":"SMITH"},{"data":"Cold Snap","floor":8.0,"key":"SMITH"},{"data":"Echo Form","floor":15.0,"key":"SMITH"},{"floor":23.0,"key":"REST"},{"floor":25.0,"key":"REST"}],"neow_cost":"NO_GOLD","seed_source_timestamp":2736685952700,"circlet_count":0,"master_deck":["AscendersBane","Strike_B","Strike_B","Defend_B","Defend_B","Defend_B","Defend_B","Zap+1","Dualcast","BootSequence","Steam","Cold Snap+1","Hello World","Doom and Gloom","Echo Form+1","Redo","Loop","Sunder","Defragment+1"],"special_seed":0,"relics":["Cracked Core","TungstenRod","Golden Idol","Ancient Tea Set","Pear","PreservedInsect","Velvet Choker","Happy Flower","Smiling Mask","Letter Opener","FossilizedHelix"],"potions_floor_usage":[],"damage_taken":[{"damage":3.0,"enemies":"Jaw Worm","floor":1.0,"turns":4.0},{"damage":0.0,"enemies":"2 Louse","floor":2.0,"turns":2.0},{"damage":0.0,"enemies":"Cultist","floor":3.0,"turns":3.0},{"damage":0.0,"enemies":"Red Slaver","floor":10.0,"turns":2.0},{"damage":16.0,"enemies":"Gremlin Nob","floor":11.0,"turns":5.0},{"damage":1.0,"enemies":"2 Fungi Beasts","floor":12.0,"turns":3.0},{"damage":8.0,"enemies":"Exordium Wildlife","floor":13.0,"turns":5.0},{"damage":3.0,"enemies":"Looter","floor":14.0,"turns":3.0},{"damage":35.0,"enemies":"The Guardian","floor":16.0,"turns":11.0},{"damage":0.0,"enemies":"Chosen","floor":18.0,"turns":4.0},{"damage":33.0,"enemies":"Shell Parasite","floor":20.0,"turns":5.0},{"damage":22.0,"enemies":"Gremlin Leader","floor":24.0,"turns":4.0},{"damage":12.0,"enemies":"Book of Stabbing","floor":27.0,"turns":4.0},{"damage":0.0,"enemies":"Cultist and Chosen","floor":28.0,"turns":5.0},{"damage":10.0,"enemies":"Snecko","floor":29.0,"turns":5.0},{"damage":18.0,"enemies":"3 Cultists","floor":30.0,"turns":4.0},{"damage":27,"enemies":"Centurion and Healer","floor":31,"turns":3}],"seed_played":"742698983833967734","potions_obtained":[{"floor":1.0,"key":"Block Potion"},{"floor":3.0,"key":"Fire Potion"},{"floor":11.0,"key":"BlessingOfTheForge"},{"floor":16.0,"key":"DuplicationPotion"},{"floor":18.0,"key":"Swift Potion"},{"floor":29.0,"key":"Strength Potion"}],"is_trial":false,"path_per_floor":["M","M","M","?","?","R","T","R","T","M","E","M","M","M","R","B",null,"M","$","M","?","?","R","E","R","T","E","M","M","M","M"],"character_chosen":"DEFECT","items_purchased":["Happy Flower"],"campfire_rested":2,"item_purchase_floors":[19],"current_hp_per_floor":[65,65,65,65,59,59,59,59,69,69,53,52,44,41,41,6,65,65,65,32,32,32,57,35,60,60,48,48,38,20,0],"gold":125,"neow_bonus":"ONE_RARE_RELIC","is_prod":false,"is_daily":false,"chose_seed":false,"campfire_upgraded":3,"win_rate":0,"timestamp":1608076771,"path_taken":["M","M","M","?","?","R","?","R","T","M","E","?","M","M","R","BOSS","M","$","M","?","?","R","E","R","T","E","?","M","M","M"],"build_version":"2020-12-13","purchased_purges":1,"victory":false,"max_hp_per_floor":[75,75,75,75,75,75,75,75,85,85,85,85,85,85,85,85,85,85,85,85,85,85,85,85,85,85,85,85,85,85,85],"card_choices":[{"not_picked":["Beam Cell","Double Energy"],"picked":"BootSequence","floor":1.0},{"not_picked":["Leap","Rebound"],"picked":"Steam","floor":2.0},{"not_picked":["Go for the Eyes","Storm"],"picked":"Cold Snap","floor":3.0},{"not_picked":["Steam Power","Rip and Tear"],"picked":"Hello World","floor":10.0},{"not_picked":["Barrage","Cold Snap"],"picked":"Doom and Gloom","floor":11.0},{"not_picked":["Hologram","Capacitor"],"picked":"Echo Form","floor":12.0},{"not_picked":["Stack","Streamline"],"picked":"Redo","floor":13.0},{"not_picked":["Gash","Rebound","Sweeping Beam"],"picked":"SKIP","floor":14.0},{"not_picked":["Fusion+1","Redo"],"picked":"Loop","floor":18.0},{"not_picked":["BootSequence","Sweeping Beam","Loop"],"picked":"SKIP","floor":20.0},{"not_picked":["Ball Lightning","Seek"],"picked":"Sunder","floor":24.0},{"not_picked":["Stack","Coolheaded","Skim"],"picked":"SKIP","floor":27.0},{"not_picked":["Capacitor","Coolheaded","Go for the Eyes"],"picked":"SKIP","floor":28.0},{"not_picked":["Blizzard","Coolheaded+1","Streamline+1"],"picked":"SKIP","floor":29.0},{"not_picked":["Consume","Sweeping Beam+1"],"picked":"Defragment+1","floor":30.0}],"player_experience":218451,"relics_obtained":[{"floor":7.0,"key":"Ancient Tea Set"},{"floor":9.0,"key":"Pear"},{"floor":11.0,"key":"PreservedInsect"},{"floor":24.0,"key":"Smiling Mask"},{"floor":26.0,"key":"Letter Opener"},{"floor":27.0,"key":"FossilizedHelix"}],"event_choices":[{"damage_healed":0.0,"max_hp_gain":0.0,"max_hp_loss":0.0,"gold_gain":0.0,"event_name":"Golden Idol","player_choice":"Take Wound","floor":4.0,"gold_loss":0.0,"damage_taken":0.0,"relics_obtained":["Golden Idol"],"cards_obtained":["Injury"]},{"cards_removed":["Injury"],"damage_healed":0.0,"max_hp_gain":0.0,"max_hp_loss":0.0,"gold_gain":0.0,"event_name":"Golden Wing","player_choice":"Card Removal","floor":5.0,"gold_loss":0.0,"damage_taken":7.0},{"cards_removed":["Strike_B"],"damage_healed":0.0,"max_hp_gain":0.0,"max_hp_loss":0.0,"gold_gain":0.0,"event_name":"Beggar","player_choice":"Gave Gold","floor":21.0,"gold_loss":75.0,"damage_taken":0.0},{"damage_healed":0.0,"max_hp_gain":0.0,"max_hp_loss":0.0,"gold_gain":0.0,"event_name":"Masked Bandits","player_choice":"Paid Fearfully","floor":22.0,"gold_loss":43.0,"damage_taken":0.0}],"is_beta":false,"boss_relics":[{"not_picked":["Tiny House","Busted Crown"],"picked":"Velvet Choker"}],"items_purged_floors":[19],"is_endless":false,"potions_floor_spawned":[1,3,11,16,18,20,29],"killed_by":"Centurion and Healer","ascension_level":13}