{"gold_per_floor":[114,114,168,192,10,10,50,50,119,154,154,154,154,174,174,303,303,323,341,360,360,56,96,20,44,44,44,87,105,143,143,143,272,272,297,317,28,51,66,109,109,109,132,170,17,32,72,86,86,86],"floor_reached":51,"playtime":9223,"items_purged":["Defend_B","Strike_B","Strike_B"],"score":1230,"play_id":"973624f5-2f58-4d06-a9d0-f4477a28e65f","local_time":"20201214234857","is_ascension_mode":true,"campfire_choices":[{"data":"Lockon","floor":6,"key":"SMITH"},{"data":"Defragment","floor":8,"key":"SMITH"},{"floor":13,"key":"REST"},{"data":"Zap","floor":15,"key":"SMITH"},{"floor":27,"key":"REST"},{"floor":32,"key":"REST"},{"data":"Self Repair","floor":41,"key":"SMITH"},{"data":"Consume","floor":49,"key":"SMITH"}],"neow_cost":"NONE","seed_source_timestamp":8776058770300,"circlet_count":0,"master_deck":["AscendersBane","Strike_B+1","Strike_B","Defend_B","Defend_B","Defend_B","Zap+1","Dualcast","Undo","Ball Lightning","Lockon+1","Defragment+1","Ball Lightning","Go for the Eyes","All For One","Panacea","Barrage+1","Self Repair","Self Repair+1","Consume+1","Go for the Eyes","Defragment+1","Electrodynamics","Thunder Strike","Glacier","Parasite"],"relics":["FrozenCore","Golden Idol","Orichalcum","Lantern","PreservedInsect","Eternal Feather","Thread and Needle","Smiling Mask","Inserter","Kunai","MawBank","Gremlin Horn","Lizard Tail","Blood Vial","Whetstone","Mercury Hourglass","Toy Ornithopter","Bag of Preparation","Darkstone Periapt"],"potions_floor_usage":[23,23,28,30,33,45,46,50,50],"damage_taken":[{"damage":4,"enemies":"2 Louse","floor":1,"turns":2},{"damage":7,"enemies":"Jaw Worm","floor":4,"turns":3},{"damage":10,"enemies":"Gremlin Nob","floor":7,"turns":3},{"damage":14,"enemies":"Lagavulin","floor":10,"turns":4},{"damage":0,"enemies":"Small Slimes","floor":14,"turns":2},{"damage":14,"enemies":"Slime Boss","floor":16,"turns":8},{"damage":7,"enemies":"Shell Parasite","floor":18,"turns":4},{"damage":8,"enemies":"3 Byrds","floor":19,"turns":3},{"damage":22,"enemies":"Snake Plant","floor":20,"turns":3},{"damage":10,"enemies":"Slavers","floor":23,"turns":4},{"damage":0,"enemies":"Snecko","floor":25,"turns":3},{"damage":38,"enemies":"Gremlin Leader","floor":28,"turns":5},{"damage":11,"enemies":"Cultist and Chosen","floor":29,"turns":6},{"damage":38,"enemies":"Book of Stabbing","floor":30,"turns":5},{"damage":37,"enemies":"Champ","floor":33,"turns":8},{"damage":0,"enemies":"Orb Walker","floor":35,"turns":5},{"damage":7,"enemies":"3 Shapes","floor":36,"turns":6},{"damage":22,"enemies":"Jaw Worm Horde","floor":38,"turns":4},{"damage":24,"enemies":"Writhing Mass","floor":39,"turns":6},{"damage":35,"enemies":"Nemesis","floor":40,"turns":7},{"damage":24,"enemies":"Reptomancer","floor":44,"turns":6},{"damage":2,"enemies":"Transient","floor":46,"turns":5},{"damage":16,"enemies":"Nemesis","floor":47,"turns":7},{"damage":20,"enemies":"4 Shapes","floor":48,"turns":5},{"damage":25,"enemies":"Awakened One","floor":50,"turns":11}],"seed_played":"-5289522946783131835","potions_obtained":[{"floor":1,"key":"Swift Potion"},{"floor":4,"key":"Ancient Potion"},{"floor":20,"key":"Energy Potion"},{"floor":23,"key":"Fire Potion"},{"floor":28,"key":"EssenceOfDarkness"},{"floor":30,"key":"Energy Potion"},{"floor":33,"key":"Strength Potion"},{"floor":39,"key":"FearPotion"},{"floor":46,"key":"SneckoOil"},{"floor":47,"key":"DistilledChaos"}],"is_trial":false,"path_per_floor":["M","?","T","M","$","R","E","R","T","E","?","?","R","M","R","B",null,"M","M","M","?","$","E","$","M","T","R","E","M","E","?","R","B",null,"M","M","$","M","M","E","R","?","T","E","$","M","E","M","R","B",null],"character_chosen":"DEFECT","items_purchased":["Lantern","Lockon","Kunai","Self Repair","Thunder Strike","Whetstone","Fruit Juice"],"campfire_rested":3,"item_purchase_floors":[5,5,22,24,37,37,45],"current_hp_per_floor":[71,71,71,64,64,64,54,54,54,40,40,22,53,53,62,48,69,62,54,32,32,32,22,22,29,29,63,39,42,18,18,52,31,65,76,76,76,61,53,27,42,42,42,37,47,59,55,54,69,73],"gold":86,"neow_bonus":"TEN_PERCENT_HP_BONUS","is_prod":false,"is_daily":false,"chose_seed":false,"campfire_upgraded":5,"win_rate":0,"timestamp":1608011337,"path_taken":["M","?","?","M","$","R","E","R","T","E","?","?","R","M","R","BOSS","M","M","M","?","$","E","?","M","T","R","E","?","E","?","R","BOSS","M","M","?","?","M","E","R","?","T","E","$","M","E","M","R","BOSS"],"build_version":"2020-12-13","purchased_purges":3,"victory":true,"max_hp_per_floor":[82,76,76,76,76,76,76,76,76,76,76,76,76,76,76,76,76,76,76,76,76,76,76,76,76,76,76,76,76,76,76,76,76,76,76,76,76,76,76,76,76,72,72,72,77,77,77,77,77,77],"card_choices":[{"not_picked":["Double Energy","Reinforced Body"],"picked":"Undo","floor":1},{"not_picked":["Hologram","Rebound"],"picked":"Ball Lightning","floor":4},{"not_picked":["Gash","Stack"],"picked":"Defragment","floor":7},{"not_picked":["Rebound","Force Field","Redo"],"picked":"SKIP","floor":10},{"not_picked":["Tempest","Skim","Hologram"],"picked":"SKIP","floor":14},{"not_picked":["Rebound","Beam Cell+1"],"picked":"Ball Lightning","floor":18},{"not_picked":["Chill","Recycle","Chaos"],"picked":"SKIP","floor":19},{"not_picked":["Turbo","Fusion"],"picked":"Go for the Eyes","floor":20},{"not_picked":["Stack","Redo+1"],"picked":"Barrage","floor":23},{"not_picked":["Stack","Hello World"],"picked":"Self Repair","floor":25},{"not_picked":["Force Field","Stack+1"],"picked":"Consume","floor":28},{"not_picked":["Ball Lightning","Machine Learning","Sweeping Beam"],"picked":"SKIP","floor":29},{"not_picked":["Cold Snap","Heatsinks"],"picked":"Go for the Eyes","floor":30},{"not_picked":["Hyperbeam","Creative AI"],"picked":"Electrodynamics","floor":33},{"not_picked":["Gash","Double Energy","Leap"],"picked":"SKIP","floor":35},{"not_picked":["Compile Driver+1","Go for the Eyes+1","Redo"],"picked":"SKIP","floor":36},{"not_picked":["Steam Power","Ball Lightning"],"picked":"Glacier","floor":38},{"not_picked":["Rebound","Compile Driver","Ball Lightning"],"picked":"SKIP","floor":39},{"not_picked":["Sweeping Beam+1","Hologram","Hello World"],"picked":"SKIP","floor":40},{"not_picked":["Compile Driver+1","Hello World","Darkness+1"],"picked":"SKIP","floor":44},{"not_picked":["Gash+1","All For One","Cold Snap"],"picked":"SKIP","floor":46},{"not_picked":["Reinforced Body+1","Steam","Hologram"],"picked":"SKIP","floor":47},{"not_picked":["Conserve Battery","Compile Driver","Glacier+1"],"picked":"SKIP","floor":48}],"player_experience":206759,"relics_obtained":[{"floor":3,"key":"Orichalcum"},{"floor":7,"key":"PreservedInsect"},{"floor":9,"key":"Eternal Feather"},{"floor":10,"key":"Thread and Needle"},{"floor":23,"key":"MawBank"},{"floor":26,"key":"Gremlin Horn"},{"floor":28,"key":"Lizard Tail"},{"floor":30,"key":"Blood Vial"},{"floor":40,"key":"Mercury Hourglass"},{"floor":43,"key":"Toy Ornithopter"},{"floor":44,"key":"Bag of Preparation"},{"floor":47,"key":"Darkstone Periapt"}],"event_choices":[{"damage_healed":0,"gold_gain":0,"player_choice":"Lose Max HP","damage_taken":0,"relics_obtained":["Golden Idol"],"max_hp_gain":0,"max_hp_loss":6,"event_name":"Golden Idol","floor":2,"gold_loss":0},{"damage_healed":0,"gold_gain":0,"player_choice":"Ignored","damage_taken":0,"max_hp_gain":0,"max_hp_loss":0,"event_name":"Liars Game","floor":11,"gold_loss":0},{"damage_healed":0,"gold_gain":0,"player_choice":"Success","damage_taken":18,"relics_obtained":["Smiling Mask"],"max_hp_gain":0,"max_hp_loss":0,"event_name":"Scrap Ooze","floor":12,"gold_loss":0},{"damage_healed":0,"gold_gain":0,"player_choice":"2 cards matched","damage_taken":0,"max_hp_gain":0,"max_hp_loss":0,"event_name":"Match and Keep!","floor":21,"gold_loss":0,"cards_obtained":["All For One","Panacea"]},{"damage_healed":0,"gold_gain":0,"player_choice":"Copied","damage_taken":0,"max_hp_gain":0,"max_hp_loss":0,"event_name":"Duplicator","floor":31,"gold_loss":0,"cards_obtained":["Defragment"]},{"damage_healed":0,"gold_gain":0,"player_choice":"Max HP","damage_taken":0,"max_hp_gain":0,"max_hp_loss":4,"event_name":"Winding Halls","floor":42,"gold_loss":0}],"is_beta":false,"boss_relics":[{"not_picked":["Empty Cage","Cursed Key"],"picked":"Inserter"},{"not_picked":["SlaversCollar","Calling Bell"],"picked":"FrozenCore"}],"items_purged_floors":[22,24,45],"is_endless":false,"potions_floor_spawned":[1,4,14,20,23,28,30,33,39,44,46,47],"ascension_level":12}