{"gold_per_floor":[111,128,128,138,150,183,193,193,219,233,233],"floor_reached":11,"playtime":8658,"items_purged":[],"score":123,"play_id":"adec85a5-8baa-4459-b8cd-de0386f42d21","local_time":"20201214211454","is_ascension_mode":true,"campfire_choices":[],"neow_cost":"NONE","seed_source_timestamp":116688949900,"circlet_count":0,"master_deck":["AscendersBane","Strike_B","Strike_B","Defend_B","Defend_B","Defend_B+1","Defend_B","Zap","Dualcast","BootSequence","Leap","Pain","Streamline","Beam Cell","Genetic Algorithm+1","Doom and Gloom"],"relics":["Empty Cage","WarpedTongs","Peace Pipe","War Paint"],"potions_floor_usage":[4,11],"damage_taken":[{"damage":3,"enemies":"2 Louse","floor":1,"turns":4},{"damage":9,"enemies":"Cultist","floor":2,"turns":6},{"damage":6,"enemies":"Jaw Worm","floor":4,"turns":4},{"damage":19,"enemies":"Exordium Thugs","floor":5,"turns":6},{"damage":28,"enemies":"3 Sentries","floor":6,"turns":11},{"damage":6,"enemies":"3 Louse","floor":7,"turns":4},{"damage":11,"enemies":"Large Slime","floor":10,"turns":5},{"damage":22,"enemies":"Gremlin Gang","floor":11,"turns":3}],"seed_played":"136678651039551421","potions_obtained":[{"floor":1,"key":"Regen Potion"},{"floor":5,"key":"Dexterity Potion"}],"is_trial":false,"path_per_floor":["M","M","?","M","M","E","M","?","T","M","M"],"character_chosen":"DEFECT","items_purchased":[],"campfire_rested":0,"item_purchase_floors":[],"current_hp_per_floor":[65,56,56,59,40,12,6,31,31,20,0],"gold":233,"neow_bonus":"BOSS_RELIC","is_prod":false,"is_daily":false,"chose_seed":false,"campfire_upgraded":0,"win_rate":0,"timestamp":1608002094,"path_taken":["M","M","?","?","?","E","M","?","T","M","M"],"build_version":"2020-12-13","purchased_purges":0,"victory":false,"max_hp_per_floor":[75,75,75,75,75,75,75,75,75,75,75],"card_choices":[{"not_picked":["Blizzard","Sweeping Beam"],"picked":"BootSequence","floor":1},{"not_picked":["Barrage","Skim"],"picked":"Leap","floor":2},{"not_picked":["Cold Snap","Glacier"],"picked":"Streamline","floor":4},{"not_picked":["Blizzard","Heatsinks"],"picked":"Beam Cell","floor":5},{"not_picked":["Compile Driver","Steam Power","Turbo"],"picked":"SKIP","floor":6},{"not_picked":["Doom and Gloom","Heatsinks"],"picked":"Genetic Algorithm","floor":7},{"not_picked":["Conserve Battery","Heatsinks"],"picked":"Doom and Gloom","floor":10}],"player_experience":198101,"relics_obtained":[{"floor":6,"key":"Peace Pipe"},{"floor":9,"key":"War Paint"}],"event_choices":[{"damage_healed":0,"gold_gain":0,"player_choice":"Rummage","damage_taken":0,"relics_obtained":["WarpedTongs"],"max_hp_gain":0,"max_hp_loss":0,"event_name":"Accursed Blacksmith","floor":3,"gold_loss":0,"cards_obtained":["Pain"]},{"damage_healed":25,"gold_gain":0,"player_choice":"Banana","damage_taken":0,"max_hp_gain":0,"max_hp_loss":0,"event_name":"Big Fish","floor":8,"gold_loss":0}],"is_beta":false,"boss_relics":[],"items_purged_floors":[],"is_endless":false,"potions_floor_spawned":[1,5],"killed_by":"Gremlin Gang","ascension_level":12}