{"gold_per_floor":[113,125,141,60,80,106,106,139,139,139,150,160,160,171,171,249,249,268,268,284,35,54,54,54,54,54,54,383,383,400,410,410,410],"floor_reached":33,"playtime":6459,"items_purged":[],"score":502,"play_id":"3df2f3b6-715d-4739-bfac-74db20b98c0d","local_time":"20210408194031","is_ascension_mode":true,"campfire_choices":[{"floor":10.0,"key":"REST"},{"floor":13.0,"key":"REST"},{"floor":15.0,"key":"REST"},{"data":"Chill","floor":23.0,"key":"SMITH"},{"data":"Zap","floor":25.0,"key":"SMITH"},{"floor":27.0,"key":"REST"},{"data":"Creative AI","floor":29,"key":"SMITH"},{"data":"Force Field","floor":32,"key":"SMITH"}],"neow_cost":"NONE","seed_source_timestamp":100552280200,"circlet_count":0,"master_deck":["AscendersBane","Strike_B","Strike_B","Strike_B","Defend_B","Defend_B","Defend_B","Defend_B","Zap+1","Dualcast","CurseOfTheBell","Conserve Battery","Streamline","Static Discharge","Chill+1","Creative AI+1","Storm","Sunder","Steam","Electrodynamics","Glacier","Dramatic Entrance","Doom and Gloom","Force Field+1","Lockon","Compile Driver"],"special_seed":0,"relics":["Calling Bell","Lantern","Pantograph","Torii","Smiling Mask","Bottled Lightning","Ice Cream","Nuclear Battery","Mango","DataDisk","Nunchaku","Old Coin"],"potions_floor_usage":[30],"damage_taken":[{"damage":3.0,"enemies":"Cultist","floor":1.0,"turns":5.0},{"damage":0.0,"enemies":"Small Slimes","floor":2.0,"turns":2.0},{"damage":0.0,"enemies":"2 Louse","floor":3.0,"turns":3.0},{"damage":2.0,"enemies":"Blue Slaver","floor":5.0,"turns":5.0},{"damage":27.0,"enemies":"Lagavulin","floor":6.0,"turns":8.0},{"damage":30.0,"enemies":"Gremlin Nob","floor":8.0,"turns":5.0},{"damage":14.0,"enemies":"Lots of Slimes","floor":11.0,"turns":7.0},{"damage":8.0,"enemies":"Large Slime","floor":12.0,"turns":6.0},{"damage":13.0,"enemies":"Exordium Wildlife","floor":14.0,"turns":3.0},{"damage":13.0,"enemies":"Hexaghost","floor":16.0,"turns":11.0},{"damage":17.0,"enemies":"Chosen","floor":18.0,"turns":6.0},{"damage":12.0,"enemies":"3 Byrds","floor":20.0,"turns":4.0},{"damage":2.0,"enemies":"Centurion and Healer","floor":22.0,"turns":5.0},{"damage":12,"enemies":"Gremlin Leader","floor":28,"turns":5},{"damage":7,"enemies":"Snake Plant","floor":30,"turns":3},{"damage":1,"enemies":"3 Cultists","floor":31,"turns":4},{"damage":80,"enemies":"Automaton","floor":33,"turns":8}],"seed_played":"2005913877696834656","potions_obtained":[{"floor":1.0,"key":"LiquidBronze"},{"floor":2.0,"key":"FocusPotion"},{"floor":3.0,"key":"Explosive Potion"},{"floor":22.0,"key":"FearPotion"},{"floor":28,"key":"Weak Potion"},{"floor":30,"key":"FearPotion"},{"floor":31,"key":"LiquidBronze"}],"is_trial":false,"path_per_floor":["M","M","M","$","M","E","?","E","T","R","M","M","R","M","R","B",null,"M","T","M","$","M","R","?","R","T","R","E","R","M","M","R","B"],"character_chosen":"DEFECT","items_purchased":["Static Discharge","DataDisk","Dramatic Entrance"],"campfire_rested":4,"item_purchase_floors":[4,21,21],"current_hp_per_floor":[61,61,61,61,59,32,32,2,2,23,9,1,22,9,30,42,64,47,61,49,49,47,47,47,47,47,72,60,60,53,52,52,0],"gold":410,"neow_bonus":"BOSS_RELIC","is_prod":false,"is_daily":false,"chose_seed":false,"campfire_upgraded":4,"win_rate":0,"timestamp":1617928831,"path_taken":["M","M","?","$","M","E","?","E","T","R","M","M","R","M","R","BOSS","M","?","M","$","M","R","?","R","T","R","E","R","M","M","R","BOSS"],"build_version":"2020-12-22","purchased_purges":0,"victory":false,"max_hp_per_floor":[71,71,71,71,71,71,71,71,71,71,71,71,71,71,71,71,71,71,85,85,85,85,85,85,85,85,85,85,85,85,85,85,85],"card_choices":[{"not_picked":["Recycle","White Noise"],"picked":"Conserve Battery","floor":1.0},{"not_picked":["Hologram","Rebound"],"picked":"Streamline","floor":2.0},{"not_picked":["Scrape","Redo","Compile Driver"],"picked":"SKIP","floor":3.0},{"not_picked":["Rebound","Doom and Gloom"],"picked":"Chill","floor":5.0},{"not_picked":["Go for the Eyes","Coolheaded"],"picked":"Creative AI","floor":6.0},{"not_picked":["Hologram","Multi-Cast"],"picked":"Storm","floor":8.0},{"not_picked":["Redo","Tempest"],"picked":"Sunder","floor":11.0},{"not_picked":["Compile Driver","Gash"],"picked":"Steam","floor":12.0},{"not_picked":["Capacitor","Skim","Sunder"],"picked":"SKIP","floor":14.0},{"not_picked":["Machine Learning","Core Surge"],"picked":"Electrodynamics","floor":16.0},{"not_picked":["Conserve Battery","Sweeping Beam"],"picked":"Glacier","floor":18.0},{"not_picked":["Turbo+1","Stack","Beam Cell"],"picked":"SKIP","floor":20.0},{"not_picked":["Stack","Turbo"],"picked":"Doom and Gloom","floor":22.0},{"not_picked":["Machine Learning","Skim","Redo"],"picked":"SKIP","floor":28},{"not_picked":["Redo","Glacier"],"picked":"Lockon","floor":30},{"not_picked":["Blizzard+1","Doom and Gloom"],"picked":"Compile Driver","floor":31}],"player_experience":267464,"relics_obtained":[{"floor":0.0,"key":"Lantern"},{"floor":0.0,"key":"Pantograph"},{"floor":0.0,"key":"Torii"},{"floor":6.0,"key":"Smiling Mask"},{"floor":8.0,"key":"Bottled Lightning"},{"floor":9.0,"key":"Ice Cream"},{"floor":19.0,"key":"Mango"},{"floor":26.0,"key":"Nunchaku"},{"floor":28,"key":"Old Coin"}],"event_choices":[{"cards_removed":["Strike_B"],"damage_healed":0.0,"max_hp_gain":0.0,"max_hp_loss":0.0,"gold_gain":0.0,"event_name":"Purifier","player_choice":"Purged","floor":7.0,"gold_loss":0.0,"damage_taken":0.0},{"damage_healed":0.0,"max_hp_gain":0.0,"max_hp_loss":0.0,"gold_gain":0.0,"event_name":"The Library","player_choice":"Read","floor":24.0,"gold_loss":0.0,"damage_taken":0.0,"cards_obtained":["Force Field"]}],"is_beta":false,"boss_relics":[{"not_picked":["Fusion Hammer","SacredBark"],"picked":"Nuclear Battery"}],"items_purged_floors":[],"is_endless":false,"potions_floor_spawned":[1,2,3,22,28,30,31],"killed_by":"Automaton","ascension_level":16}