{"gold_per_floor":[117,117,117,36,56,89,108,170,170,183,183,32,32,61,61,140,140,152,152,169,182,201,201,231,246,246,246,256,1,34,53,53,128,128,141,141,166,166,201,226,226,245,271,290,290,290,302,302,302,302,302,302,8,40,40],"floor_reached":55,"playtime":13479,"items_purged":["Strike_B"],"score":1289,"play_id":"320597e1-7552-4263-bbdd-3a851c02bb72","local_time":"20210407211007","is_ascension_mode":true,"campfire_choices":[{"floor":11.0,"key":"REST"},{"data":"Loop","floor":13.0,"key":"SMITH"},{"data":"Chaos","floor":15.0,"key":"SMITH"},{"data":"Biased Cognition","floor":23.0,"key":"SMITH"},{"data":"All For One","floor":27.0,"key":"PURGE"},{"floor":32.0,"key":"REST"},{"data":"Strike_B","floor":41.0,"key":"PURGE"},{"data":"Aggregate","floor":45.0,"key":"SMITH"},{"data":"Self Repair","floor":46.0,"key":"SMITH"},{"floor":49.0,"key":"RECALL"},{"data":"Parasite","floor":52.0,"key":"PURGE"}],"neow_cost":"NONE","seed_source_timestamp":167205083300,"circlet_count":0,"master_deck":["AscendersBane","Strike_B","Strike_B","Defend_B","Defend_B","Defend_B","Defend_B","Zap","Dualcast","Defragment+1","Zap","Steam","Lockon","Sunder","Self Repair+1","Leap","Conserve Battery","Loop+1","Seek","Force Field","Chaos+1","Biased Cognition+1","Cold Snap","Cold Snap","Stack","Leap+1","Loop","Aggregate+1","Redo+1","Genetic Algorithm","Compile Driver","Hologram","Multi-Cast","Self Repair","Capacitor","BootSequence+1","Go for the Eyes","Capacitor","Panacea","Go for the Eyes"],"special_seed":0,"relics":["Cracked Core","White Beast Statue","Potion Belt","Regal Pillow","Orrery","Vajra","Runic Pyramid","Symbiotic Virus","Peace Pipe","Mercury Hourglass","Pen Nib","Coffee Dripper","WingedGreaves","Sundial","Incense Burner"],"potions_floor_usage":[54,55,55,55,55],"damage_taken":[{"damage":0.0,"enemies":"Cultist","floor":1.0,"turns":3.0},{"damage":1.0,"enemies":"2 Louse","floor":5.0,"turns":3.0},{"damage":19.0,"enemies":"Lagavulin","floor":6.0,"turns":5.0},{"damage":6.0,"enemies":"Jaw Worm","floor":7.0,"turns":2.0},{"damage":35.0,"enemies":"Lagavulin Event","floor":8.0,"turns":4.0},{"damage":5.0,"enemies":"Lots of Slimes","floor":10.0,"turns":4.0},{"damage":29.0,"enemies":"Gremlin Nob","floor":14.0,"turns":4.0},{"damage":12.0,"enemies":"The Guardian","floor":16.0,"turns":7.0},{"damage":0.0,"enemies":"Spheric Guardian","floor":18.0,"turns":3.0},{"damage":0.0,"enemies":"2 Thieves","floor":20.0,"turns":2.0},{"damage":0.0,"enemies":"3 Cultists","floor":21.0,"turns":6.0},{"damage":12.0,"enemies":"Snake Plant","floor":22.0,"turns":4.0},{"damage":25.0,"enemies":"Gremlin Leader","floor":24.0,"turns":9.0},{"damage":1.0,"enemies":"Chosen and Byrds","floor":25.0,"turns":6.0},{"damage":0.0,"enemies":"3 Cultists","floor":28.0,"turns":4.0},{"damage":21.0,"enemies":"Slavers","floor":30.0,"turns":5.0},{"damage":21.0,"enemies":"Snake Plant","floor":31.0,"turns":4.0},{"damage":17.0,"enemies":"Collector","floor":33.0,"turns":10.0},{"damage":25.0,"enemies":"3 Darklings","floor":35.0,"turns":4.0},{"damage":0.0,"enemies":"Mind Bloom Boss Battle","floor":37.0,"turns":5.0},{"damage":6.0,"enemies":"Orb Walker","floor":39.0,"turns":3.0},{"damage":25.0,"enemies":"Nemesis","floor":40.0,"turns":5.0},{"damage":11.0,"enemies":"Jaw Worm Horde","floor":42.0,"turns":6.0},{"damage":19.0,"enemies":"Maw","floor":44.0,"turns":7.0},{"damage":17.0,"enemies":"Writhing Mass","floor":47.0,"turns":7.0},{"damage":4.0,"enemies":"Time Eater","floor":50.0,"turns":10.0},{"damage":60,"enemies":"Shield and Spear","floor":54,"turns":10},{"damage":43,"enemies":"The Heart","floor":55,"turns":2}],"seed_played":"-5377553499403929866","potions_obtained":[{"floor":1.0,"key":"Swift Potion"},{"floor":7.0,"key":"CultistPotion"},{"floor":8.0,"key":"FocusPotion"},{"floor":10.0,"key":"SkillPotion"},{"floor":14.0,"key":"LiquidMemories"},{"floor":16.0,"key":"Fire Potion"},{"floor":18.0,"key":"Energy Potion"},{"floor":20.0,"key":"SkillPotion"},{"floor":21.0,"key":"Explosive Potion"},{"floor":22.0,"key":"EssenceOfSteel"},{"floor":24.0,"key":"Explosive Potion"},{"floor":25.0,"key":"GamblersBrew"},{"floor":28.0,"key":"Swift Potion"},{"floor":30.0,"key":"BlessingOfTheForge"},{"floor":31.0,"key":"Weak Potion"},{"floor":33.0,"key":"BlessingOfTheForge"},{"floor":35.0,"key":"ColorlessPotion"},{"floor":37.0,"key":"Explosive Potion"},{"floor":39.0,"key":"Ancient Potion"},{"floor":42.0,"key":"Ancient Potion"},{"floor":47.0,"key":"FocusPotion"},{"floor":54,"key":"SteroidPotion"}],"is_trial":false,"path_per_floor":["M","?","?","$","M","E","M","?","T","M","R","$","R","E","R","B",null,"M","?","M","M","M","R","E","M","T","R","M","$","E","M","R","B",null,"M","?","?","?","M","E","R","M","T","M","R","R","M","?","R","B",null,"R","$","E","B"],"character_chosen":"DEFECT","items_purchased":["Steam","Lockon","Orrery","Fruit Juice","Genetic Algorithm","Compile Driver","LiquidBronze","Capacitor","Panacea","Block Potion"],"campfire_rested":2,"item_purchase_floors":[4,4,12,29,29,29,53,53,53,53],"current_hp_per_floor":[64,64,64,64,63,44,38,10,10,12,48,48,48,19,19,14,57,57,57,57,64,59,59,41,47,47,47,47,47,26,10,47,37,66,41,41,41,41,42,24,24,27,27,22,22,22,22,22,22,35,63,63,63,20,0],"gold":40,"neow_bonus":"ONE_RANDOM_RARE_CARD","is_prod":false,"is_daily":false,"chose_seed":false,"campfire_upgraded":5,"win_rate":0,"timestamp":1617847807,"path_taken":["M","?","?","$","M","E","?","?","T","M","R","$","R","E","R","BOSS","M","?","M","?","M","R","E","M","T","R","M","$","E","M","R","BOSS","M","?","?","?","M","E","R","?","T","M","R","R","M","?","R","BOSS","R","$","E","BOSS"],"build_version":"2020-12-22","purchased_purges":1,"victory":false,"max_hp_per_floor":[71,71,71,71,71,71,71,71,71,71,71,71,71,71,71,71,71,71,71,71,71,71,71,71,71,71,71,71,71,71,76,76,76,76,76,76,76,76,76,76,76,76,76,76,76,76,76,72,72,72,72,69,69,69,69],"card_choices":[{"not_picked":["White Noise","Conserve Battery"],"picked":"Defragment","floor":1.0},{"not_picked":["Melter","Sweeping Beam"],"picked":"Sunder","floor":5.0},{"not_picked":["Beam Cell","FTL"],"picked":"Self Repair","floor":6.0},{"not_picked":["Tempest","Compile Driver"],"picked":"Redo","floor":7.0},{"not_picked":["BootSequence","Barrage"],"picked":"Leap","floor":10.0},{"not_picked":["Hologram","Turbo"],"picked":"Conserve Battery","floor":12.0},{"not_picked":["Aggregate","Gash"],"picked":"Loop","floor":12.0},{"not_picked":["Redo","Beam Cell"],"picked":"Seek","floor":12.0},{"not_picked":["Double Energy","Compile Driver"],"picked":"Force Field","floor":12.0},{"not_picked":["Blizzard","Steam"],"picked":"Chaos","floor":14.0},{"not_picked":["Reboot","Hyperbeam"],"picked":"Biased Cognition","floor":16.0},{"not_picked":["Consume","Conserve Battery"],"picked":"Cold Snap","floor":18.0},{"not_picked":["Steam+1","Chill"],"picked":"Cold Snap","floor":20.0},{"not_picked":["Steam","Compile Driver"],"picked":"Stack","floor":21.0},{"not_picked":["Seek","Hello World"],"picked":"Leap+1","floor":22.0},{"not_picked":["Gash","Leap+1"],"picked":"Loop","floor":24.0},{"not_picked":["Self Repair","Chaos+1"],"picked":"Aggregate","floor":25.0},{"not_picked":["Compile Driver","Sweeping Beam"],"picked":"Redo+1","floor":28.0},{"not_picked":["White Noise","Doom and Gloom"],"picked":"Hologram","floor":30.0},{"not_picked":["Redo","Sweeping Beam","Hologram"],"picked":"SKIP","floor":31.0},{"not_picked":["All For One","Fission"],"picked":"Multi-Cast","floor":33.0},{"not_picked":["Doom and Gloom","Aggregate","Stack"],"picked":"SKIP","floor":35.0},{"not_picked":["Reprogram+1","Undo"],"picked":"Capacitor","floor":39.0},{"not_picked":["Conserve Battery","Skim","Ball Lightning+1"],"picked":"SKIP","floor":40.0},{"not_picked":["Conserve Battery","Skim","Ball Lightning+1"],"picked":"SKIP","floor":40.0},{"not_picked":["Gash","Rebound","Aggregate+1"],"picked":"SKIP","floor":42.0},{"not_picked":["Leap","Consume"],"picked":"BootSequence+1","floor":44.0},{"not_picked":["Coolheaded","Beam Cell+1"],"picked":"Go for the Eyes","floor":47.0},{"not_picked":["Capacitor","Consume+1"],"picked":"Go for the Eyes","floor":54}],"player_experience":253985,"relics_obtained":[{"floor":6.0,"key":"White Beast Statue"},{"floor":8.0,"key":"Potion Belt"},{"floor":9.0,"key":"Regal Pillow"},{"floor":14.0,"key":"Vajra"},{"floor":24.0,"key":"Peace Pipe"},{"floor":26.0,"key":"Mercury Hourglass"},{"floor":30.0,"key":"Pen Nib"},{"floor":37.0,"key":"WingedGreaves"},{"floor":40.0,"key":"Sundial"},{"floor":54,"key":"Incense Burner"}],"event_choices":[{"damage_healed":0.0,"max_hp_gain":0.0,"max_hp_loss":0.0,"gold_gain":0.0,"event_name":"Living Wall","player_choice":"Grow","floor":2.0,"gold_loss":0.0,"damage_taken":0.0,"cards_upgraded":["Defragment"]},{"damage_healed":0.0,"max_hp_gain":0.0,"max_hp_loss":0.0,"gold_gain":0.0,"event_name":"Match and Keep!","player_choice":"1 cards matched","floor":3.0,"gold_loss":0.0,"damage_taken":0.0,"cards_obtained":["Zap"]},{"damage_healed":0.0,"max_hp_gain":0.0,"max_hp_loss":0.0,"gold_gain":0.0,"event_name":"Dead Adventurer","player_choice":"Searched \u00272\u0027 times","floor":8.0,"gold_loss":0.0,"damage_taken":0.0},{"damage_healed":0.0,"max_hp_gain":0.0,"max_hp_loss":0.0,"gold_gain":0.0,"event_name":"WeMeetAgain","player_choice":"Gave Potion","floor":19.0,"gold_loss":0.0,"damage_taken":0.0,"relics_obtained":["Symbiotic Virus"]},{"cards_removed":["Redo"],"damage_healed":0.0,"max_hp_gain":0.0,"max_hp_loss":0.0,"gold_gain":0.0,"event_name":"Falling","player_choice":"Removed Skill","floor":36.0,"gold_loss":0.0,"damage_taken":0.0},{"damage_healed":0.0,"max_hp_gain":0.0,"max_hp_loss":0.0,"gold_gain":0.0,"event_name":"MindBloom","player_choice":"Fight","floor":37.0,"gold_loss":0.0,"damage_taken":0.0},{"damage_healed":0.0,"max_hp_gain":0.0,"max_hp_loss":0.0,"gold_gain":0.0,"event_name":"Duplicator","player_choice":"Copied","floor":38.0,"gold_loss":0.0,"damage_taken":0.0,"cards_obtained":["Self Repair"]},{"damage_healed":0.0,"max_hp_gain":0.0,"max_hp_loss":4.0,"gold_gain":0.0,"event_name":"Winding Halls","player_choice":"Max HP","floor":48.0,"gold_loss":0.0,"damage_taken":0.0}],"is_beta":false,"boss_relics":[{"not_picked":["Philosopher\u0027s Stone","Black Star"],"picked":"Runic Pyramid"},{"not_picked":["Runic Dome","Tiny House"],"picked":"Coffee Dripper"}],"items_purged_floors":[29],"is_endless":false,"potions_floor_spawned":[1,7,8,10,14,16,18,20,21,22,24,25,28,30,31,33,35,37,39,40,42,44,47,54],"killed_by":"The Heart","ascension_level":15}