{"gold_per_floor":[112,131,142,23,77,109,109,121,145,200,235,235,235,270,270,349,349,367,377,377,389,2,34,34,65,65,65,82,82,94,105,105,182,182,194,194,211,223,223,223],"floor_reached":40,"playtime":6192,"items_purged":[],"score":824,"play_id":"8295cb63-22c0-496e-b541-28568cc5e557","local_time":"20210406224409","is_ascension_mode":true,"campfire_choices":[{"data":"Zap","floor":7.0,"key":"SMITH"},{"floor":13.0,"key":"REST"},{"floor":15.0,"key":"REST"},{"data":"Biased Cognition","floor":24.0,"key":"SMITH"},{"floor":27.0,"key":"REST"},{"floor":32.0,"key":"REST"}],"neow_cost":"NONE","seed_source_timestamp":0,"circlet_count":0,"master_deck":["AscendersBane","Strike_B+1","Strike_B+1","Strike_B+1","Strike_B+1","Defend_B+1","Defend_B+1","Defend_B+1","Defend_B+1","Zap+1","Dualcast","All For One","Leap","Gash","Darkness","Ball Lightning","BootSequence","Beam Cell+1","Biased Cognition+1","Chill","Electrodynamics","Stack+1","Ball Lightning+1","Gash+1","Loop","Gash+1","Buffer","Genetic Algorithm","Go for the Eyes+1","Core Surge+1","Flash of Steel+1","Parasite","Steam Power+1"],"special_seed":0,"relics":["Cracked Core","Molten Egg 2","Pen Nib","Question Card","Whetstone","Anchor","Philosopher\u0027s Stone","Torii","Lantern","Orichalcum","Bag of Preparation","Black Star"],"potions_floor_usage":[],"damage_taken":[{"damage":6.0,"enemies":"Cultist","floor":1.0,"turns":3.0},{"damage":0.0,"enemies":"2 Louse","floor":2.0,"turns":3.0},{"damage":2.0,"enemies":"Jaw Worm","floor":3.0,"turns":3.0},{"damage":15.0,"enemies":"3 Sentries","floor":6.0,"turns":6.0},{"damage":3.0,"enemies":"Blue Slaver","floor":8.0,"turns":3.0},{"damage":16.0,"enemies":"Gremlin Nob","floor":10.0,"turns":4.0},{"damage":11.0,"enemies":"Lagavulin","floor":11.0,"turns":5.0},{"damage":24.0,"enemies":"Gremlin Nob","floor":14.0,"turns":4.0},{"damage":8.0,"enemies":"The Guardian","floor":16.0,"turns":8.0},{"damage":3.0,"enemies":"2 Thieves","floor":18.0,"turns":4.0},{"damage":0.0,"enemies":"Chosen","floor":19.0,"turns":4.0},{"damage":1.0,"enemies":"Snake Plant","floor":21.0,"turns":3.0},{"damage":0.0,"enemies":"Gremlin Leader","floor":23.0,"turns":4.0},{"damage":28.0,"enemies":"Slavers","floor":25.0,"turns":4.0},{"damage":0.0,"enemies":"3 Cultists","floor":28.0,"turns":5.0},{"damage":13.0,"enemies":"Shelled Parasite and Fungi","floor":30.0,"turns":3.0},{"damage":9.0,"enemies":"Centurion and Healer","floor":31.0,"turns":3.0},{"damage":49.0,"enemies":"Collector","floor":33.0,"turns":9.0},{"damage":0.0,"enemies":"3 Shapes","floor":35.0,"turns":2.0},{"damage":0.0,"enemies":"3 Darklings","floor":37.0,"turns":4.0},{"damage":0.0,"enemies":"Writhing Mass","floor":38.0,"turns":5.0},{"damage":59,"enemies":"Reptomancer","floor":40,"turns":4}],"seed_played":"-6085174347084488119","potions_obtained":[{"floor":3.0,"key":"Energy Potion"},{"floor":6.0,"key":"AttackPotion"},{"floor":10.0,"key":"SkillPotion"},{"floor":14.0,"key":"EssenceOfDarkness"},{"floor":18.0,"key":"FocusPotion"},{"floor":23.0,"key":"FairyPotion"},{"floor":35.0,"key":"Dexterity Potion"}],"is_trial":false,"path_per_floor":["M","M","M","$","T","E","R","M","T","?","E","?","R","E","R","B",null,"M","M","?","M","$","E","R","E","T","R","M","?","M","M","R","B",null,"M","?","M","M","?","E"],"character_chosen":"DEFECT","items_purchased":["Ball Lightning","BootSequence","Torii","Loop"],"campfire_rested":4,"item_purchase_floors":[4,4,22,22],"current_hp_per_floor":[58,58,56,56,56,41,41,38,38,22,11,6,27,3,24,16,57,54,54,54,53,53,53,53,25,25,46,46,46,33,24,45,21,59,59,59,59,59,59,0],"gold":223,"neow_bonus":"ONE_RANDOM_RARE_CARD","is_prod":false,"is_daily":false,"chose_seed":false,"campfire_upgraded":2,"win_rate":0,"timestamp":1617767049,"path_taken":["M","?","M","$","?","E","R","M","T","?","E","?","R","E","R","BOSS","M","M","?","M","$","E","R","E","T","R","M","?","?","M","R","BOSS","M","?","M","M","?","E"],"build_version":"2020-12-22","purchased_purges":0,"victory":false,"max_hp_per_floor":[71,71,71,71,71,71,71,71,71,71,71,71,71,71,71,71,71,71,71,71,71,71,71,71,71,71,71,71,71,71,71,71,71,71,71,71,71,71,71,71],"card_choices":[{"not_picked":["Recycle","Aggregate"],"picked":"Leap","floor":1.0},{"not_picked":["Sunder","Beam Cell"],"picked":"Gash","floor":2.0},{"not_picked":["Redo","Glacier"],"picked":"Darkness","floor":3.0},{"not_picked":["Rip and Tear+1","Fusion"],"picked":"Beam Cell+1","floor":6.0},{"not_picked":["Barrage+1","Sweeping Beam+1"],"picked":"Biased Cognition","floor":8.0},{"not_picked":["Skim","Steam","Undo"],"picked":"Coolheaded","floor":10.0},{"not_picked":["Rip and Tear+1","Static Discharge","Compile Driver+1"],"picked":"Lockon+1","floor":11.0},{"not_picked":["Redo","Recycle","Beam Cell+1"],"picked":"Chill","floor":14.0},{"not_picked":["Seek","All For One+1","Machine Learning"],"picked":"Electrodynamics","floor":16.0},{"not_picked":["Hello World","Compile Driver+1","Rip and Tear+1"],"picked":"Stack+1","floor":18.0},{"not_picked":["Reinforced Body","Rebound+1","Scrape+1"],"picked":"Ball Lightning+1","floor":19.0},{"not_picked":["Coolheaded","Rebound+1","BootSequence"],"picked":"Gash+1","floor":21.0},{"not_picked":["Recycle","Scrape+1","Conserve Battery"],"picked":"Gash+1","floor":23.0},{"not_picked":["Stack","Beam Cell+1","Conserve Battery"],"picked":"Buffer","floor":25.0},{"not_picked":["Conserve Battery","Skim","Coolheaded","White Noise"],"picked":"SKIP","floor":28.0},{"not_picked":["Hello World","Conserve Battery","Barrage+1","Hologram"],"picked":"SKIP","floor":30.0},{"not_picked":["Hologram","Defragment","Beam Cell+1"],"picked":"Go for the Eyes+1","floor":31.0},{"not_picked":["Fission","Meteor Strike+1","Electrodynamics"],"picked":"Core Surge+1","floor":33.0},{"not_picked":["Doom and Gloom+1","Leap+1","Sweeping Beam+1","Coolheaded"],"picked":"SKIP","floor":35.0},{"not_picked":["PanicButton","Swift Strike+1","Secret Technique"],"picked":"Flash of Steel+1","floor":36.0},{"not_picked":["Lockon+1","Hologram+1","Sweeping Beam+1","Barrage+1"],"picked":"SKIP","floor":37.0},{"not_picked":["Beam Cell+1","Sweeping Beam+1","Turbo"],"picked":"Steam Power+1","floor":38.0}],"player_experience":247793,"relics_obtained":[{"floor":6.0,"key":"Molten Egg 2"},{"floor":9.0,"key":"Pen Nib"},{"floor":11.0,"key":"Whetstone"},{"floor":14.0,"key":"Anchor"},{"floor":23.0,"key":"Lantern"},{"floor":25.0,"key":"Orichalcum"},{"floor":26.0,"key":"Bag of Preparation"}],"event_choices":[{"damage_healed":0.0,"max_hp_gain":0.0,"max_hp_loss":0.0,"gold_gain":0.0,"event_name":"Dead Adventurer","player_choice":"Searched \u00272\u0027 times","floor":10.0,"gold_loss":0.0,"damage_taken":0.0,"relics_obtained":["Question Card"]},{"damage_healed":0.0,"max_hp_gain":0.0,"max_hp_loss":0.0,"gold_gain":0.0,"event_name":"Scrap Ooze","player_choice":"Fled","floor":12.0,"gold_loss":0.0,"damage_taken":5.0},{"damage_healed":0.0,"max_hp_gain":0.0,"max_hp_loss":0.0,"gold_gain":0.0,"event_name":"Back to Basics","player_choice":"Simplicity","floor":20.0,"gold_loss":0.0,"damage_taken":0.0,"cards_upgraded":["Strike_B","Strike_B","Defend_B","Defend_B","Defend_B","Defend_B"]},{"damage_healed":0.0,"max_hp_gain":0.0,"max_hp_loss":0.0,"gold_gain":0.0,"cards_transformed":["Coolheaded"],"event_name":"Transmorgrifier","player_choice":"Transformed","floor":29.0,"gold_loss":0.0,"damage_taken":0.0,"cards_obtained":["Genetic Algorithm"]},{"damage_healed":0.0,"max_hp_gain":0.0,"max_hp_loss":0.0,"gold_gain":0.0,"event_name":"SensoryStone","player_choice":"Memory 1","floor":36.0,"gold_loss":0.0,"damage_taken":0.0},{"cards_removed":["Lockon"],"damage_healed":0.0,"max_hp_gain":0.0,"max_hp_loss":0.0,"gold_gain":0.0,"event_name":"Falling","player_choice":"Removed Attack","floor":39.0,"gold_loss":0.0,"damage_taken":0.0}],"is_beta":false,"boss_relics":[{"not_picked":["Empty Cage","SacredBark"],"picked":"Philosopher\u0027s Stone"},{"not_picked":["Coffee Dripper","Runic Dome"],"picked":"Black Star"}],"items_purged_floors":[],"is_endless":false,"potions_floor_spawned":[3,6,10,14,18,23,30,35],"killed_by":"Reptomancer","ascension_level":15}