{"gold_per_floor":[112,130,80,80,90,119,134,169,206,236,259,271,344,384,396,480,492,520,378,397,409,427,427,455,455,455,482,482,482,482,382,382,459,459,475,488,209,219,219,219,245,245,245,245,278,291,302,347,347,347,347,347,120,152,152],"floor_reached":56,"playtime":7697,"items_purged":["Defend_B","Writhe","Defend_B","Regret"],"score":1909,"play_id":"b2ca26a7-9586-4c85-99dc-b0eb3c98ecf7","local_time":"20210404000700","is_ascension_mode":true,"campfire_choices":[{"data":"Loop","floor":12,"key":"SMITH"},{"data":"Barrage","floor":15,"key":"SMITH"},{"data":"Defragment","floor":23,"key":"SMITH"},{"floor":25,"key":"REST"},{"data":"Biased Cognition","floor":32,"key":"SMITH"},{"data":"Seek","floor":40,"key":"SMITH"},{"floor":44,"key":"REST"},{"floor":49,"key":"RECALL"},{"floor":52,"key":"REST"}],"neow_cost":"NONE","seed_source_timestamp":2588994369200,"circlet_count":0,"master_deck":["AscendersBane","Strike_B","Defend_B","Defend_B","Zap","Dualcast","Loop+1","Ball Lightning","Chill","Barrage+1","Reinforced Body","Compile Driver","Glacier","Lockon","Turbo","Core Surge","Core Surge","Machine Learning","Ball Lightning","Defragment+1","Doom and Gloom","Biased Cognition+1","Doom and Gloom","Seek+1","Master of Strategy","Writhe","Capacitor","Defragment+1","Defragment"],"relics":["Cracked Core","Blood Vial","MawBank","Nunchaku","Orichalcum","Darkstone Periapt","Velvet Choker","Gremlin Horn","Lantern","Ancient Tea Set","Bag of Preparation","Cursed Key","Shuriken","Boot","Strawberry","Torii"],"potions_floor_usage":[8,10,14,20,24,24,33,55,55,55,55],"damage_taken":[{"damage":0,"enemies":"Small Slimes","floor":1,"turns":3},{"damage":3,"enemies":"2 Louse","floor":2,"turns":3},{"damage":2,"enemies":"Jaw Worm","floor":5,"turns":4},{"damage":26,"enemies":"Lagavulin","floor":6,"turns":6},{"damage":11,"enemies":"3 Louse","floor":7,"turns":2},{"damage":7,"enemies":"Gremlin Nob","floor":8,"turns":3},{"damage":1,"enemies":"Large Slime","floor":10,"turns":7},{"damage":3,"enemies":"Blue Slaver","floor":11,"turns":4},{"damage":4,"enemies":"3 Sentries","floor":13,"turns":9},{"damage":0,"enemies":"3 Sentries","floor":14,"turns":5},{"damage":12,"enemies":"The Guardian","floor":16,"turns":13},{"damage":3,"enemies":"Shell Parasite","floor":18,"turns":4},{"damage":9,"enemies":"2 Thieves","floor":20,"turns":4},{"damage":13,"enemies":"Shelled Parasite and Fungi","floor":21,"turns":5},{"damage":11,"enemies":"Snake Plant","floor":22,"turns":5},{"damage":28,"enemies":"Slavers","floor":24,"turns":4},{"damage":20,"enemies":"Book of Stabbing","floor":27,"turns":6},{"damage":16,"enemies":"Collector","floor":33,"turns":6},{"damage":4,"enemies":"Orb Walker","floor":35,"turns":3},{"damage":20,"enemies":"3 Darklings","floor":36,"turns":4},{"damage":1,"enemies":"Sphere and 2 Shapes","floor":38,"turns":4},{"damage":11,"enemies":"Reptomancer","floor":41,"turns":4},{"damage":55,"enemies":"Nemesis","floor":45,"turns":11},{"damage":14,"enemies":"4 Shapes","floor":46,"turns":6},{"damage":0,"enemies":"Maw","floor":47,"turns":5},{"damage":39,"enemies":"Donu and Deca","floor":50,"turns":9},{"damage":34,"enemies":"Shield and Spear","floor":54,"turns":8},{"damage":34,"enemies":"The Heart","floor":55,"turns":10}],"seed_played":"6694606037256764286","potions_obtained":[{"floor":1,"key":"SteroidPotion"},{"floor":2,"key":"Dexterity Potion"},{"floor":7,"key":"Explosive Potion"},{"floor":8,"key":"Regen Potion"},{"floor":11,"key":"PowerPotion"},{"floor":16,"key":"SkillPotion"},{"floor":21,"key":"SteroidPotion"},{"floor":27,"key":"Weak Potion"},{"floor":36,"key":"Regen Potion"},{"floor":54,"key":"EntropicBrew"}],"is_trial":false,"path_per_floor":["M","M","?","?","M","E","M","E","T","M","M","R","?","E","R","B",null,"M","$","M","M","M","R","E","R","T","E","?","?","?","$","R","B",null,"M","M","$","M","?","R","E","?","T","R","E","M","M","T","R","B",null,"R","$","E","B",null],"character_chosen":"DEFECT","items_purchased":["Defragment","FairyPotion","FocusPotion","Defragment"],"campfire_rested":3,"item_purchase_floors":[19,37,37,53],"current_hp_per_floor":[68,65,65,65,63,37,28,23,23,39,38,38,36,38,38,28,63,62,62,55,44,35,35,9,31,31,13,19,46,46,46,46,32,69,67,49,49,50,50,50,41,41,47,73,20,8,10,23,23,27,82,100,100,66,34],"gold":152,"neow_bonus":"TRANSFORM_CARD","is_prod":false,"is_daily":false,"chose_seed":false,"campfire_upgraded":5,"win_rate":0,"timestamp":1617512820,"path_taken":["M","M","?","?","M","E","M","E","T","M","M","R","?","E","R","BOSS","M","$","M","M","M","R","E","R","T","E","?","?","?","$","R","BOSS","M","M","$","M","?","R","E","?","T","R","E","M","M","?","R","BOSS","R","$","E","BOSS"],"build_version":"2020-12-22","purchased_purges":4,"victory":true,"max_hp_per_floor":[75,75,75,75,75,75,75,75,75,75,75,75,75,75,75,75,75,75,75,75,75,75,75,75,75,75,75,81,81,81,81,81,81,81,81,81,81,81,81,81,81,81,87,87,87,87,87,100,100,100,100,100,100,100,100],"card_choices":[{"not_picked":["Double Energy","Steam","Redo"],"picked":"SKIP","floor":1},{"not_picked":["Stack","Heatsinks"],"picked":"Ball Lightning","floor":2},{"not_picked":["Turbo","Amplify"],"picked":"Barrage","floor":5},{"not_picked":["Gash","Reprogram"],"picked":"Reinforced Body","floor":6},{"not_picked":["Beam Cell","Barrage"],"picked":"Compile Driver","floor":7},{"not_picked":["Leap","Beam Cell"],"picked":"Glacier","floor":8},{"not_picked":["Aggregate","Redo"],"picked":"Lockon","floor":10},{"not_picked":["Compile Driver","Stack"],"picked":"Turbo","floor":11},{"not_picked":["Hologram","Rip and Tear"],"picked":"Core Surge","floor":13},{"not_picked":["Reboot","Barrage"],"picked":"Core Surge","floor":14},{"not_picked":["Fission","Core Surge"],"picked":"Machine Learning","floor":16},{"not_picked":["Compile Driver","Sweeping Beam"],"picked":"Ball Lightning","floor":18},{"not_picked":["Hologram","Streamline+1"],"picked":"Doom and Gloom","floor":20},{"not_picked":["Undo","Auto Shields+1","Reinforced Body"],"picked":"SKIP","floor":21},{"not_picked":["Redo","Conserve Battery","Creative AI"],"picked":"SKIP","floor":22},{"not_picked":["Leap","Coolheaded"],"picked":"Biased Cognition","floor":24},{"not_picked":["Turbo","Fission"],"picked":"Doom and Gloom","floor":27},{"not_picked":["Buffer","Rainbow"],"picked":"Seek","floor":33},{"not_picked":["Sweeping Beam+1","Conserve Battery","Leap"],"picked":"SKIP","floor":35},{"not_picked":["Coolheaded","Cold Snap","Leap+1"],"picked":"SKIP","floor":36},{"not_picked":["Leap","Hologram","Recycle"],"picked":"SKIP","floor":38},{"not_picked":["Leap","Hologram","Recycle"],"picked":"SKIP","floor":38},{"not_picked":["Dramatic Entrance","Swift Strike"],"picked":"Master of Strategy","floor":39},{"not_picked":["Doom and Gloom","Barrage+1","Chill"],"picked":"SKIP","floor":41},{"not_picked":["Heatsinks+1","Steam Power","Undo"],"picked":"SKIP","floor":45},{"not_picked":["Glacier+1","Cold Snap+1"],"picked":"Capacitor","floor":46},{"not_picked":["Melter","Hologram"],"picked":"Defragment+1","floor":47},{"not_picked":["Barrage","Rainbow","Scrape"],"picked":"SKIP","floor":54}],"player_experience":228426,"relics_obtained":[{"floor":6,"key":"Blood Vial"},{"floor":8,"key":"MawBank"},{"floor":9,"key":"Nunchaku"},{"floor":13,"key":"Orichalcum"},{"floor":14,"key":"Darkstone Periapt"},{"floor":24,"key":"Gremlin Horn"},{"floor":26,"key":"Lantern"},{"floor":27,"key":"Ancient Tea Set"},{"floor":41,"key":"Shuriken"},{"floor":45,"key":"Boot"},{"floor":48,"key":"Strawberry"},{"floor":54,"key":"Torii"}],"event_choices":[{"cards_removed":["Strike_B"],"damage_healed":0,"gold_gain":0,"player_choice":"Card Removal","damage_taken":0,"max_hp_gain":0,"max_hp_loss":0,"event_name":"The Cleric","floor":3,"gold_loss":50},{"damage_healed":0,"gold_gain":0,"cards_transformed":["Strike_B"],"player_choice":"Change","damage_taken":0,"max_hp_gain":0,"max_hp_loss":0,"event_name":"Living Wall","floor":4,"gold_loss":0,"cards_obtained":["Chill"]},{"damage_healed":0,"gold_gain":0,"player_choice":"Searched \u00271\u0027 times","damage_taken":0,"max_hp_gain":0,"max_hp_loss":0,"event_name":"Dead Adventurer","floor":13,"gold_loss":0},{"damage_healed":0,"gold_gain":0,"player_choice":"Opened","damage_taken":0,"relics_obtained":["Bag of Preparation"],"max_hp_gain":0,"max_hp_loss":0,"event_name":"The Mausoleum","floor":28,"gold_loss":0,"cards_obtained":["Writhe"]},{"damage_healed":27,"gold_gain":0,"player_choice":"Heal","damage_taken":0,"max_hp_gain":0,"max_hp_loss":0,"event_name":"The Library","floor":29,"gold_loss":0},{"damage_healed":0,"gold_gain":0,"player_choice":"Ignored","damage_taken":0,"max_hp_gain":0,"max_hp_loss":0,"event_name":"Cursed Tome","floor":30,"gold_loss":0},{"damage_healed":0,"gold_gain":0,"player_choice":"Memory 1","damage_taken":0,"max_hp_gain":0,"max_hp_loss":0,"event_name":"SensoryStone","floor":39,"gold_loss":0},{"damage_healed":0,"gold_gain":0,"player_choice":"Ignored","damage_taken":0,"max_hp_gain":0,"max_hp_loss":0,"event_name":"Tomb of Lord Red Mask","floor":42,"gold_loss":0}],"is_beta":false,"boss_relics":[{"not_picked":["Fusion Hammer","Runic Dome"],"picked":"Velvet Choker"},{"not_picked":["Sozu","Tiny House"],"picked":"Cursed Key"}],"items_purged_floors":[19,31,37,53],"is_endless":false,"potions_floor_spawned":[1,2,7,8,11,16,21,22,27,36,38,54],"ascension_level":13}