{"gold_per_floor":[113,113,18,35,46,46,74,74,74,74,84,117,130,164,164,237,237,249,267,267,192,207,207,239,239,263,298,315,315,335,36,36,109,109,125,125,125,139,39,69,69,94,146,180,180,180],"floor_reached":46,"playtime":4283,"items_purged":["Defend_B","Barrage"],"score":975,"play_id":"46d812b8-7e33-468e-baa1-7f77a78954fe","local_time":"20210405192127","is_ascension_mode":true,"campfire_choices":[{"data":"Cold Snap","floor":6.0,"key":"SMITH"},{"data":"Zap","floor":8.0,"key":"SMITH"},{"data":"Dualcast","floor":10.0,"key":"SMITH"},{"floor":15.0,"key":"REST"},{"floor":23.0,"key":"REST"},{"floor":25.0,"key":"REST"},{"floor":29.0,"key":"REST"},{"data":"Fusion","floor":32.0,"key":"SMITH"},{"floor":41.0,"key":"REST"}],"neow_cost":"NONE","seed_source_timestamp":0,"circlet_count":0,"master_deck":["AscendersBane","Strike_B+1","Defend_B","Defend_B","Defend_B","Zap+1","Dualcast+1","Core Surge+1","Doom and Gloom","Cold Snap+1","Auto Shields","Defragment+1","Ball Lightning","Biased Cognition+1","Turbo","Defragment+1","Static Discharge+1","Defragment+1","Echo Form+1","Defragment+1","Fusion+1","Hyperbeam","Aggregate","Hologram","Coolheaded","Cold Snap","Undo+1"],"special_seed":0,"relics":["Cracked Core","Whetstone","Frozen Egg 2","MealTicket","Thread and Needle","Inserter","WingedGreaves","Blood Vial","DataDisk","Lee\u0027s Waffle","Snecko Eye","Meat on the Bone","Unceasing Top","Calipers"],"potions_floor_usage":[],"damage_taken":[{"damage":0.0,"enemies":"2 Louse","floor":1.0,"turns":3.0},{"damage":0.0,"enemies":"Cultist","floor":4.0,"turns":4.0},{"damage":0.0,"enemies":"Jaw Worm","floor":5.0,"turns":2.0},{"damage":6.0,"enemies":"Lagavulin","floor":7.0,"turns":5.0},{"damage":8.0,"enemies":"Large Slime","floor":11.0,"turns":4.0},{"damage":8.0,"enemies":"3 Sentries","floor":12.0,"turns":4.0},{"damage":6.0,"enemies":"3 Louse","floor":13.0,"turns":3.0},{"damage":12.0,"enemies":"Lagavulin","floor":14.0,"turns":5.0},{"damage":11.0,"enemies":"Hexaghost","floor":16.0,"turns":8.0},{"damage":2.0,"enemies":"2 Thieves","floor":18.0,"turns":4.0},{"damage":9.0,"enemies":"3 Byrds","floor":19.0,"turns":4.0},{"damage":20.0,"enemies":"Centurion and Healer","floor":22.0,"turns":5.0},{"damage":11.0,"enemies":"Gremlin Leader","floor":24.0,"turns":6.0},{"damage":24.0,"enemies":"Book of Stabbing","floor":27.0,"turns":3.0},{"damage":20.0,"enemies":"Snake Plant","floor":28.0,"turns":2.0},{"damage":8.0,"enemies":"Shelled Parasite and Fungi","floor":30.0,"turns":5.0},{"damage":44.0,"enemies":"Collector","floor":33.0,"turns":7.0},{"damage":0.0,"enemies":"3 Shapes","floor":35.0,"turns":1.0},{"damage":35.0,"enemies":"3 Darklings","floor":38.0,"turns":4.0},{"damage":52.0,"enemies":"Reptomancer","floor":40.0,"turns":5.0},{"damage":2.0,"enemies":"Mind Bloom Boss Battle","floor":42.0,"turns":7.0},{"damage":3.0,"enemies":"Giant Head","floor":44.0,"turns":9.0},{"damage":44,"enemies":"Transient","floor":46,"turns":2}],"seed_played":"4580994164745636014","potions_obtained":[{"floor":1.0,"key":"SkillPotion"},{"floor":4.0,"key":"EntropicBrew"},{"floor":12.0,"key":"DuplicationPotion"},{"floor":14.0,"key":"Swift Potion"},{"floor":16.0,"key":"LiquidMemories"},{"floor":27.0,"key":"FearPotion"},{"floor":28.0,"key":"DistilledChaos"},{"floor":30.0,"key":"GamblersBrew"},{"floor":35.0,"key":"Swift Potion"},{"floor":38.0,"key":"FocusPotion"},{"floor":42.0,"key":"FearPotion"}],"is_trial":false,"path_per_floor":["M","?","$","M","M","R","E","R","T","R","M","E","M","E","R","B",null,"M","M","?","?","M","R","E","R","T","E","M","R","M","$","R","B",null,"M","?","?","M","$","E","R","?","T","E","?","M"],"character_chosen":"DEFECT","items_purchased":["Doom and Gloom","Cold Snap","Fusion","Lee\u0027s Waffle"],"campfire_rested":5,"item_purchase_floors":[3,3,31,31],"current_hp_per_floor":[64,64,64,64,64,64,58,58,58,58,50,42,36,24,45,34,62,60,51,38,38,18,40,29,51,51,29,11,33,27,83,83,39,72,74,74,74,41,56,6,29,41,41,40,40,0],"gold":180,"neow_bonus":"TRANSFORM_CARD","is_prod":false,"is_daily":false,"chose_seed":false,"campfire_upgraded":4,"win_rate":0,"timestamp":1617668487,"path_taken":["M","?","?","M","M","R","E","R","T","R","M","E","M","E","R","BOSS","M","M","?","?","M","R","E","R","T","E","M","R","M","$","R","BOSS","M","?","?","M","$","E","R","?","T","E","?","M"],"build_version":"2020-12-22","purchased_purges":2,"victory":false,"max_hp_per_floor":[71,71,71,71,71,71,71,71,71,71,71,71,71,71,71,71,71,71,71,76,76,76,76,76,76,76,76,76,76,76,83,83,83,83,83,79,79,79,79,79,79,79,79,79,79,79],"card_choices":[{"not_picked":["Recycle","Turbo"],"picked":"Barrage","floor":1.0},{"not_picked":["Scrape","White Noise","Steam Power"],"picked":"SKIP","floor":4.0},{"not_picked":["Recycle","Barrage","Double Energy"],"picked":"SKIP","floor":5.0},{"not_picked":["Steam","Barrage"],"picked":"Auto Shields","floor":7.0},{"not_picked":["Blizzard","Leap","Barrage"],"picked":"SKIP","floor":11.0},{"not_picked":["Ball Lightning","Compile Driver"],"picked":"Defragment+1","floor":12.0},{"not_picked":["Beam Cell","Redo"],"picked":"Compile Driver","floor":13.0},{"not_picked":["Reprogram","Coolheaded"],"picked":"Ball Lightning","floor":14.0},{"not_picked":["Fission","Thunder Strike"],"picked":"Biased Cognition+1","floor":16.0},{"not_picked":["Darkness","Sweeping Beam"],"picked":"Turbo","floor":18.0},{"not_picked":["Melter","Undo"],"picked":"Defragment+1","floor":19.0},{"not_picked":["Steam Power","Chaos"],"picked":"Static Discharge+1","floor":22.0},{"not_picked":["Cold Snap","Auto Shields","Sweeping Beam"],"picked":"SKIP","floor":24.0},{"not_picked":["FTL","Aggregate"],"picked":"Defragment+1","floor":27.0},{"not_picked":["Gash","Compile Driver"],"picked":"Echo Form+1","floor":28.0},{"not_picked":["Doom and Gloom","Compile Driver"],"picked":"Defragment+1","floor":30.0},{"not_picked":["Seek","Fission"],"picked":"Hyperbeam","floor":33.0},{"not_picked":["Recycle","Genetic Algorithm+1"],"picked":"Aggregate","floor":35.0},{"not_picked":["Sweeping Beam+1","Rip and Tear"],"picked":"Hologram","floor":38.0},{"not_picked":["Steam","Rip and Tear"],"picked":"Coolheaded","floor":40.0},{"not_picked":["Chaos","Turbo"],"picked":"Cold Snap","floor":42.0},{"not_picked":["Compile Driver+1","Leap"],"picked":"Undo+1","floor":44.0}],"player_experience":236123,"relics_obtained":[{"floor":7.0,"key":"Whetstone"},{"floor":9.0,"key":"Frozen Egg 2"},{"floor":12.0,"key":"MealTicket"},{"floor":14.0,"key":"Thread and Needle"},{"floor":24.0,"key":"WingedGreaves"},{"floor":26.0,"key":"Blood Vial"},{"floor":27.0,"key":"DataDisk"},{"floor":40.0,"key":"Meat on the Bone"},{"floor":42.0,"key":"Unceasing Top"},{"floor":44.0,"key":"Calipers"}],"event_choices":[{"cards_removed":["Strike_B"],"damage_healed":0.0,"max_hp_gain":0.0,"max_hp_loss":0.0,"gold_gain":0.0,"event_name":"Bonfire Elementals","player_choice":"Offered Basic","floor":2.0,"gold_loss":0.0,"damage_taken":0.0},{"damage_healed":0.0,"max_hp_gain":5.0,"max_hp_loss":0.0,"gold_gain":0.0,"event_name":"Forgotten Altar","player_choice":"Shed Blood","floor":20.0,"gold_loss":0.0,"damage_taken":18.0},{"cards_removed":["Strike_B"],"damage_healed":0.0,"max_hp_gain":0.0,"max_hp_loss":0.0,"gold_gain":0.0,"event_name":"Beggar","player_choice":"Gave Gold","floor":21.0,"gold_loss":75.0,"damage_taken":0.0},{"damage_healed":0.0,"max_hp_gain":0.0,"max_hp_loss":4.0,"gold_gain":0.0,"event_name":"Winding Halls","player_choice":"Max HP","floor":36.0,"gold_loss":0.0,"damage_taken":0.0},{"cards_removed":["Compile Driver"],"damage_healed":0.0,"max_hp_gain":0.0,"max_hp_loss":0.0,"gold_gain":0.0,"event_name":"Falling","player_choice":"Removed Attack","floor":37.0,"gold_loss":0.0,"damage_taken":0.0},{"damage_healed":0.0,"max_hp_gain":0.0,"max_hp_loss":0.0,"gold_gain":0.0,"event_name":"MindBloom","player_choice":"Fight","floor":42.0,"gold_loss":0.0,"damage_taken":0.0},{"damage_healed":0.0,"max_hp_gain":0.0,"max_hp_loss":0.0,"gold_gain":0.0,"event_name":"SensoryStone","player_choice":"Memory 1","floor":45.0,"gold_loss":0.0,"damage_taken":0.0}],"is_beta":false,"boss_relics":[{"not_picked":["Sozu","Fusion Hammer"],"picked":"Inserter"},{"not_picked":["Philosopher\u0027s Stone","Black Star"],"picked":"Snecko Eye"}],"items_purged_floors":[31,39],"is_endless":false,"potions_floor_spawned":[1,4,12,14,16,27,28,30,35,38,42],"killed_by":"Transient","ascension_level":14}