{"gold_per_floor":[118,130,130,190,209,243,256,290,360,25,53,53,63,79,79,152,152,171,189,189,201,126,155,155,180,180,215,234,112,112,130,130,201,201,211,222,222,277,203,229,248,275,299,334,350,366,382,67,67,67,67,67,15,49,49],"floor_reached":56,"playtime":7387,"items_purged":["Strike_B"],"score":2117,"play_id":"8886b844-0be0-4215-8e2a-193c1832c776","local_time":"20210405212605","is_ascension_mode":true,"campfire_choices":[{"data":"Defragment","floor":15.0,"key":"SMITH"},{"data":"Zap","floor":24.0,"key":"SMITH"},{"data":"Bandage Up","floor":30.0,"key":"SMITH"},{"floor":32.0,"key":"RECALL"},{"floor":49,"key":"REST"},{"floor":52,"key":"REST"}],"neow_cost":"NONE","seed_source_timestamp":957152140800,"circlet_count":0,"master_deck":["AscendersBane","Strike_B+1","Strike_B+1","Strike_B+1","Defend_B+1","Defend_B+1","Defend_B+1","Defend_B+1","Zap+1","Dualcast","Steam","Sunder+1","BootSequence","Conserve Battery","Go for the Eyes","Reinforced Body","Ball Lightning","Defragment+1","Loop","Streamline","All For One","Streamline","Fusion","Bandage Up+1","Meteor Strike","Steam+1","Auto Shields","Chrysalis","Stack+1","Loop","Buffer+1","Heatsinks+1","Hologram","Storm+1","Self Repair+1","Creative AI+1"],"special_seed":0,"relics":["Cracked Core","Toy Ornithopter","FossilizedHelix","Pear","Letter Opener","Anchor","Snecko Eye","HornCleat","Peace Pipe","Bottled Lightning","Centennial Puzzle","Fusion Hammer","Ice Cream","Frozen Egg 2","InkBottle","Strawberry","CaptainsWheel","Turnip"],"potions_floor_usage":[33,33,38,40,42,50,55,55],"damage_taken":[{"damage":4.0,"enemies":"Jaw Worm","floor":1.0,"turns":3.0},{"damage":2.0,"enemies":"Small Slimes","floor":2.0,"turns":3.0},{"damage":0.0,"enemies":"Cultist","floor":5.0,"turns":2.0},{"damage":30.0,"enemies":"3 Sentries","floor":6.0,"turns":6.0},{"damage":0.0,"enemies":"2 Fungi Beasts","floor":7.0,"turns":3.0},{"damage":26.0,"enemies":"Lagavulin","floor":8.0,"turns":8.0},{"damage":0.0,"enemies":"Gremlin Nob","floor":11.0,"turns":5.0},{"damage":0.0,"enemies":"Blue Slaver","floor":13.0,"turns":3.0},{"damage":0.0,"enemies":"Lots of Slimes","floor":14.0,"turns":3.0},{"damage":20.0,"enemies":"Slime Boss","floor":16.0,"turns":8.0},{"damage":2.0,"enemies":"3 Byrds","floor":18.0,"turns":5.0},{"damage":0.0,"enemies":"Shell Parasite","floor":19.0,"turns":6.0},{"damage":14.0,"enemies":"3 Cultists","floor":21.0,"turns":6.0},{"damage":10.0,"enemies":"Gremlin Leader","floor":23.0,"turns":7.0},{"damage":0.0,"enemies":"Slavers","floor":25.0,"turns":6.0},{"damage":0.0,"enemies":"Book of Stabbing","floor":27.0,"turns":5.0},{"damage":0.0,"enemies":"Cultist and Chosen","floor":28.0,"turns":6.0},{"damage":0.0,"enemies":"Snecko","floor":31.0,"turns":4.0},{"damage":43,"enemies":"Collector","floor":33,"turns":9},{"damage":0,"enemies":"3 Darklings","floor":35,"turns":6},{"damage":0,"enemies":"Orb Walker","floor":36,"turns":2},{"damage":4,"enemies":"2 Orb Walkers","floor":38,"turns":5},{"damage":51,"enemies":"Giant Head","floor":40,"turns":9},{"damage":0,"enemies":"3 Darklings","floor":41,"turns":6},{"damage":29,"enemies":"Nemesis","floor":42,"turns":7},{"damage":16,"enemies":"Reptomancer","floor":44,"turns":6},{"damage":0,"enemies":"Writhing Mass","floor":45,"turns":4},{"damage":0,"enemies":"Spire Growth","floor":46,"turns":4},{"damage":0,"enemies":"Maw","floor":47,"turns":7},{"damage":28,"enemies":"Awakened One","floor":50,"turns":18},{"damage":10,"enemies":"Shield and Spear","floor":54,"turns":6},{"damage":80,"enemies":"The Heart","floor":55,"turns":9}],"seed_played":"-6696270928926125282","potions_obtained":[{"floor":0.0,"key":"DuplicationPotion"},{"floor":0.0,"key":"Swift Potion"},{"floor":5.0,"key":"Fruit Juice"},{"floor":7.0,"key":"Fruit Juice"},{"floor":8.0,"key":"Explosive Potion"},{"floor":11.0,"key":"FearPotion"},{"floor":16.0,"key":"SkillPotion"},{"floor":18.0,"key":"Fruit Juice"},{"floor":25.0,"key":"LiquidBronze"},{"floor":33,"key":"EntropicBrew"},{"floor":35,"key":"SneckoOil"},{"floor":45,"key":"PotionOfCapacity"}],"is_trial":false,"path_per_floor":["M","M","?","?","M","E","M","E","T","$","E","$","M","M","R","B",null,"M","M","?","M","?","E","R","E","T","E","M","$","R","M","R","B",null,"M","M","?","?","$","E","M","E","T","E","M","M","M","$","R","B",null,"R","$","E","B",null],"character_chosen":"DEFECT","items_purchased":["Letter Opener","Fusion","Bandage Up","Loop","CaptainsWheel","Energy Potion"],"campfire_rested":2,"item_purchase_floors":[10,29,29,39,48,53],"current_hp_per_floor":[60,58,58,58,58,33,33,22,32,32,32,32,32,32,32,17,73,71,71,71,62,62,52,52,52,52,52,52,52,52,58,58,36,81,87,87,87,92,92,50,56,38,38,35,41,41,41,41,71,64,93,103,103,103,28],"gold":49,"neow_bonus":"THREE_SMALL_POTIONS","is_prod":false,"is_daily":false,"chose_seed":false,"campfire_upgraded":3,"win_rate":0,"timestamp":1617675965,"path_taken":["M","M","?","?","M","E","M","E","T","$","E","?","M","M","R","BOSS","M","M","?","M","?","E","R","E","T","E","M","$","R","M","R","BOSS","M","M","?","?","?","E","M","E","T","E","M","?","M","$","R","BOSS","R","$","E","BOSS"],"build_version":"2020-12-22","purchased_purges":1,"victory":true,"max_hp_per_floor":[71,71,71,71,71,76,76,81,91,91,91,91,91,91,91,91,91,91,91,91,91,91,91,91,91,91,91,91,91,91,91,91,96,96,96,96,96,96,96,96,96,96,96,103,103,103,103,103,103,103,103,103,103,103,103],"card_choices":[{"not_picked":["Rebound","Loop"],"picked":"Steam","floor":1.0},{"not_picked":["Go for the Eyes","Double Energy"],"picked":"Sunder","floor":2.0},{"not_picked":["Conserve Battery","Stack"],"picked":"BootSequence","floor":5.0},{"not_picked":["Multi-Cast","Sweeping Beam"],"picked":"Conserve Battery","floor":6.0},{"not_picked":["Undo","Cold Snap"],"picked":"Go for the Eyes","floor":7.0},{"not_picked":["BootSequence","Rebound"],"picked":"Reinforced Body","floor":8.0},{"not_picked":["Rebound","Streamline"],"picked":"Ball Lightning","floor":11.0},{"not_picked":["Multi-Cast","Barrage"],"picked":"Defragment","floor":13.0},{"not_picked":["Recycle","Go for the Eyes","Gash"],"picked":"SKIP","floor":14.0},{"not_picked":["Lockon","Hologram"],"picked":"Coolheaded","floor":18.0},{"not_picked":["Gash","Go for the Eyes+1","Steam"],"picked":"SKIP","floor":19.0},{"not_picked":["Chaos","Stack","Blizzard+1"],"picked":"SKIP","floor":21.0},{"not_picked":["Sweeping Beam","Hologram"],"picked":"Loop","floor":23.0},{"not_picked":["Conserve Battery","Heatsinks"],"picked":"Streamline","floor":25.0},{"not_picked":["Ball Lightning","Steam"],"picked":"All For One","floor":27.0},{"not_picked":["Hologram+1","Turbo+1"],"picked":"Streamline","floor":28.0},{"not_picked":["White Noise","Blizzard","Beam Cell"],"picked":"SKIP","floor":31.0},{"not_picked":["Core Surge","Rainbow"],"picked":"Meteor Strike","floor":33},{"not_picked":["Force Field","Chaos+1"],"picked":"Steam+1","floor":35},{"not_picked":["Turbo","Redo"],"picked":"Auto Shields","floor":36},{"not_picked":["Madness","Transmutation"],"picked":"Chrysalis","floor":37},{"not_picked":["Leap+1","Rip and Tear"],"picked":"Stack+1","floor":38},{"not_picked":["Conserve Battery","Ball Lightning"],"picked":"Buffer+1","floor":40},{"not_picked":["Streamline","Steam"],"picked":"Heatsinks+1","floor":41},{"not_picked":["Turbo","Cold Snap","Go for the Eyes"],"picked":"SKIP","floor":42},{"not_picked":["Cold Snap","Consume"],"picked":"Hologram","floor":44},{"not_picked":["Beam Cell","Lockon"],"picked":"Storm+1","floor":45},{"not_picked":["Go for the Eyes","Streamline","Coolheaded"],"picked":"SKIP","floor":46},{"not_picked":["Darkness","Auto Shields"],"picked":"Self Repair+1","floor":47},{"not_picked":["Redo+1","Static Discharge+1"],"picked":"Creative AI+1","floor":54}],"player_experience":240406,"relics_obtained":[{"floor":6.0,"key":"Toy Ornithopter"},{"floor":8.0,"key":"FossilizedHelix"},{"floor":9.0,"key":"Pear"},{"floor":11.0,"key":"Anchor"},{"floor":23.0,"key":"HornCleat"},{"floor":25.0,"key":"Peace Pipe"},{"floor":26.0,"key":"Bottled Lightning"},{"floor":27.0,"key":"Centennial Puzzle"},{"floor":38,"key":"Ice Cream"},{"floor":40,"key":"Frozen Egg 2"},{"floor":42,"key":"InkBottle"},{"floor":44,"key":"Strawberry"},{"floor":54,"key":"Turnip"}],"event_choices":[{"damage_healed":0.0,"max_hp_gain":0.0,"max_hp_loss":0.0,"gold_gain":0.0,"event_name":"Living Wall","player_choice":"Grow","floor":3.0,"gold_loss":0.0,"damage_taken":0.0,"cards_upgraded":["Sunder"]},{"damage_healed":0.0,"max_hp_gain":0.0,"max_hp_loss":0.0,"gold_gain":60.0,"event_name":"Golden Wing","player_choice":"Gained Gold","floor":4.0,"gold_loss":0.0,"damage_taken":0.0},{"damage_healed":0.0,"max_hp_gain":0.0,"max_hp_loss":0.0,"gold_gain":0.0,"event_name":"Back to Basics","player_choice":"Simplicity","floor":20.0,"gold_loss":0.0,"damage_taken":0.0,"cards_upgraded":["Strike_B","Strike_B","Strike_B","Defend_B","Defend_B","Defend_B","Defend_B"]},{"cards_removed":["Coolheaded"],"damage_healed":0.0,"max_hp_gain":0.0,"max_hp_loss":0.0,"gold_gain":0.0,"event_name":"Beggar","player_choice":"Gave Gold","floor":22.0,"gold_loss":75.0,"damage_taken":0.0},{"damage_healed":0,"gold_gain":0,"player_choice":"Memory 1","damage_taken":0,"max_hp_gain":0,"max_hp_loss":0,"event_name":"SensoryStone","floor":37,"gold_loss":0},{"damage_healed":0,"gold_gain":0,"player_choice":"Fight","damage_taken":0,"max_hp_gain":0,"max_hp_loss":0,"event_name":"Mysterious Sphere","floor":38,"gold_loss":0}],"is_beta":false,"boss_relics":[{"not_picked":["Velvet Choker","Runic Dome"],"picked":"Snecko Eye"},{"not_picked":["Astrolabe","Busted Crown"],"picked":"Fusion Hammer"}],"items_purged_floors":[10],"is_endless":false,"potions_floor_spawned":[5,7,8,11,16,18,25,27,33,35,40,41,45],"ascension_level":14}