{"gold_per_floor":[116,116,127,139,155,105,136,136,136,146,146,181,181,201,201,275,275,285,285,285,300,300,300,300],"floor_reached":24,"playtime":11514,"items_purged":[],"score":381,"play_id":"dc937b40-862c-45e4-97b8-df8374297f90","local_time":"20210418135834","is_ascension_mode":true,"campfire_choices":[{"floor":8,"key":"REST"},{"data":"Zap","floor":11,"key":"SMITH"},{"floor":13,"key":"REST"},{"data":"Zap","floor":15,"key":"SMITH"},{"floor":23,"key":"REST"}],"neow_cost":"NONE","seed_source_timestamp":1632565754100,"circlet_count":0,"master_deck":["AscendersBane","Strike_B","Strike_B","Strike_B","Strike_B","Defend_B","Defend_B","Defend_B","Defend_B","Zap+1","Dualcast","Coolheaded","Zap+1","Ball Lightning","Compile Driver","Ball Lightning","BootSequence","Conserve Battery","Doom and Gloom","Capacitor","Electrodynamics","Stack","Pain","Glacier","Capacitor+1","Decay"],"relics":["Black Star","Ornamental Fan","Strawberry","Mercury Hourglass","Juzu Bracelet","Pocketwatch","Snecko Eye","WarpedTongs"],"potions_floor_usage":[12,14,24,24],"damage_taken":[{"damage":4,"enemies":"Jaw Worm","floor":1,"turns":6},{"damage":4,"enemies":"Cultist","floor":3,"turns":5},{"damage":2,"enemies":"Small Slimes","floor":4,"turns":4},{"damage":8,"enemies":"3 Louse","floor":5,"turns":5},{"damage":24,"enemies":"3 Sentries","floor":7,"turns":7},{"damage":5,"enemies":"Lots of Slimes","floor":10,"turns":3},{"damage":40,"enemies":"Gremlin Nob","floor":12,"turns":4},{"damage":12,"enemies":"Exordium Thugs","floor":14,"turns":3},{"damage":10,"enemies":"Hexaghost","floor":16,"turns":9},{"damage":32,"enemies":"2 Thieves","floor":18,"turns":3},{"damage":18,"enemies":"Spheric Guardian","floor":21,"turns":4},{"damage":49,"enemies":"Slavers","floor":24,"turns":3}],"seed_played":"-981942862143097758","potions_obtained":[{"floor":1,"key":"Explosive Potion"},{"floor":5,"key":"FocusPotion"},{"floor":10,"key":"Regen Potion"},{"floor":14,"key":"EssenceOfSteel"},{"floor":21,"key":"FearPotion"}],"is_trial":false,"path_per_floor":["M","?","M","M","M","$","E","R","T","M","R","E","R","M","R","B",null,"M","?","?","M","?","R","E"],"character_chosen":"DEFECT","items_purchased":["Ball Lightning"],"campfire_rested":3,"item_purchase_floors":[6],"current_hp_per_floor":[60,60,56,54,46,46,29,52,52,47,47,19,42,30,30,20,64,32,32,32,14,14,37,0],"gold":300,"neow_bonus":"BOSS_RELIC","is_prod":false,"is_daily":false,"chose_seed":false,"campfire_upgraded":2,"win_rate":0,"timestamp":1618772314,"path_taken":["M","?","?","M","M","$","E","R","T","M","R","E","R","M","R","BOSS","M","?","?","M","?","R","E"],"build_version":"2020-12-22","purchased_purges":0,"victory":false,"max_hp_per_floor":[71,71,71,71,71,71,78,78,78,78,78,78,78,78,78,78,78,78,78,78,78,78,78,78],"card_choices":[{"not_picked":["Chaos","Go for the Eyes"],"picked":"Coolheaded","floor":1},{"not_picked":["Stack","Streamline","Scrape"],"picked":"SKIP","floor":3},{"not_picked":["Melter","Coolheaded"],"picked":"Ball Lightning","floor":4},{"not_picked":["Hologram","Rebound"],"picked":"Compile Driver","floor":5},{"not_picked":["Go for the Eyes","Rebound"],"picked":"BootSequence","floor":7},{"not_picked":["Coolheaded","White Noise"],"picked":"Conserve Battery","floor":10},{"not_picked":["Multi-Cast","Streamline"],"picked":"Doom and Gloom","floor":12},{"not_picked":["Blizzard","Stack"],"picked":"Capacitor","floor":14},{"not_picked":["Thunder Strike","Fission"],"picked":"Electrodynamics","floor":16},{"not_picked":["Rip and Tear","Auto Shields"],"picked":"Stack","floor":18},{"not_picked":["Coolheaded","Skim"],"picked":"Capacitor+1","floor":21}],"player_experience":297353,"relics_obtained":[{"floor":7,"key":"Ornamental Fan"},{"floor":7,"key":"Strawberry"},{"floor":9,"key":"Mercury Hourglass"},{"floor":12,"key":"Juzu Bracelet"},{"floor":12,"key":"Pocketwatch"}],"event_choices":[{"damage_healed":0,"gold_gain":0,"player_choice":"1 cards matched","damage_taken":0,"max_hp_gain":0,"max_hp_loss":0,"event_name":"Match and Keep!","floor":2,"gold_loss":0,"cards_obtained":["Zap"]},{"damage_healed":0,"gold_gain":0,"player_choice":"Rummage","damage_taken":0,"relics_obtained":["WarpedTongs"],"max_hp_gain":0,"max_hp_loss":0,"event_name":"Accursed Blacksmith","floor":19,"gold_loss":0,"cards_obtained":["Pain"]},{"damage_healed":0,"gold_gain":0,"player_choice":"Read","damage_taken":0,"max_hp_gain":0,"max_hp_loss":0,"event_name":"The Library","floor":20,"gold_loss":0,"cards_obtained":["Glacier"]},{"damage_healed":0,"gold_gain":0,"player_choice":"Smashed Altar","damage_taken":0,"max_hp_gain":0,"max_hp_loss":0,"event_name":"Forgotten Altar","floor":22,"gold_loss":0,"cards_obtained":["Decay"]}],"is_beta":false,"boss_relics":[{"not_picked":["Sozu","Fusion Hammer"],"picked":"Snecko Eye"}],"items_purged_floors":[],"is_endless":false,"potions_floor_spawned":[1,5,10,14,21],"killed_by":"Slavers","ascension_level":17}