{"gold_per_floor":[114,133,2,20,39,67,81,112,136,136,136,154,182,199,199,273,273,289,300,215,226,237,263,99,134,215,249,283,283,283,303,303,378,378,394,73,295,315,335,367,382,413,413,425,425,456,475,506,506,506,506,506,41,70,70],"floor_reached":56,"playtime":11168,"items_purged":["Strike_B","Strike_B"],"score":2172,"play_id":"94e0621c-d1cf-4cf1-b0d4-4ae13b853b68","local_time":"20210410124625","is_ascension_mode":true,"campfire_choices":[{"data":"Loop","floor":11,"key":"SMITH"},{"data":"Defragment","floor":15,"key":"SMITH"},{"data":"Genetic Algorithm","floor":29,"key":"SMITH"},{"data":"Glacier","floor":32,"key":"SMITH"},{"floor":45,"key":"REST"},{"floor":49,"key":"RECALL"},{"data":"Thunder Strike","floor":52,"key":"SMITH"}],"neow_cost":"TEN_PERCENT_HP_LOSS","seed_source_timestamp":2674867602300,"circlet_count":0,"master_deck":["AscendersBane","Defend_B","Defend_B","Defend_B","Defend_B","Zap","Dualcast","Ball Lightning","Glacier+1","Self Repair","Ball Lightning","Loop+1","Thunder Strike+1","Ball Lightning","Conserve Battery","Multi-Cast","Defragment+1","Conserve Battery","Electrodynamics","Steam","Barrage","Glacier","Aggregate","Go for the Eyes+1","Genetic Algorithm+1","Double Energy","Echo Form","Defragment+1","Stack+1","Seek","Biased Cognition"],"relics":["Cracked Core","Pocketwatch","Ornamental Fan","Incense Burner","Dream Catcher","Happy Flower","Inserter","Lantern","Omamori","Girya","Pear","Centennial Puzzle","Red Mask","Black Star","Bronze Scales","DollysMirror","Mummified Hand","HornCleat","Blood Vial","Letter Opener","Symbiotic Virus","Oddly Smooth Stone","MealTicket","Bird Faced Urn","TheAbacus","Strawberry","DataDisk"],"potions_floor_usage":[6,8,23,28,28,33,39,39,42,48,50,55],"damage_taken":[{"damage":0,"enemies":"Cultist","floor":1,"turns":3},{"damage":1,"enemies":"2 Louse","floor":2,"turns":2},{"damage":7,"enemies":"Jaw Worm","floor":4,"turns":4},{"damage":0,"enemies":"2 Fungi Beasts","floor":5,"turns":5},{"damage":12,"enemies":"3 Sentries","floor":6,"turns":6},{"damage":15,"enemies":"3 Louse","floor":7,"turns":3},{"damage":9,"enemies":"Lagavulin","floor":8,"turns":6},{"damage":0,"enemies":"Red Slaver","floor":12,"turns":4},{"damage":11,"enemies":"3 Sentries","floor":13,"turns":5},{"damage":0,"enemies":"Looter","floor":14,"turns":3},{"damage":4,"enemies":"Slime Boss","floor":16,"turns":5},{"damage":15,"enemies":"2 Thieves","floor":18,"turns":3},{"damage":13,"enemies":"Spheric Guardian","floor":19,"turns":8},{"damage":0,"enemies":"Snecko","floor":21,"turns":5},{"damage":12,"enemies":"Snake Plant","floor":22,"turns":4},{"damage":11,"enemies":"Book of Stabbing","floor":23,"turns":7},{"damage":12,"enemies":"Gremlin Leader","floor":25,"turns":6},{"damage":1,"enemies":"Book of Stabbing","floor":27,"turns":6},{"damage":13,"enemies":"Masked Bandits","floor":28,"turns":3},{"damage":0,"enemies":"Cultist and Chosen","floor":31,"turns":4},{"damage":30,"enemies":"Champ","floor":33,"turns":14},{"damage":16,"enemies":"Orb Walker","floor":35,"turns":5},{"damage":0,"enemies":"3 Shapes","floor":38,"turns":7},{"damage":44,"enemies":"Writhing Mass","floor":39,"turns":6},{"damage":3,"enemies":"Giant Head","floor":40,"turns":9},{"damage":0,"enemies":"Transient","floor":41,"turns":5},{"damage":9,"enemies":"Reptomancer","floor":42,"turns":6},{"damage":24,"enemies":"Jaw Worm Horde","floor":44,"turns":2},{"damage":1,"enemies":"Giant Head","floor":46,"turns":8},{"damage":0,"enemies":"Maw","floor":47,"turns":6},{"damage":51,"enemies":"Nemesis","floor":48,"turns":9},{"damage":24,"enemies":"Donu and Deca","floor":50,"turns":3},{"damage":16,"enemies":"Shield and Spear","floor":54,"turns":8},{"damage":80,"enemies":"The Heart","floor":55,"turns":10}],"seed_played":"8231441874788901023","potions_obtained":[{"floor":2,"key":"PowerPotion"},{"floor":6,"key":"Dexterity Potion"},{"floor":7,"key":"DuplicationPotion"},{"floor":12,"key":"Dexterity Potion"},{"floor":16,"key":"Regen Potion"},{"floor":18,"key":"Explosive Potion"},{"floor":23,"key":"Explosive Potion"},{"floor":31,"key":"PowerPotion"},{"floor":33,"key":"EntropicBrew"},{"floor":35,"key":"Regen Potion"},{"floor":41,"key":"DuplicationPotion"},{"floor":44,"key":"BlessingOfTheForge"}],"is_trial":false,"path_per_floor":["M","M","$","M","M","E","M","E","T","?","R","M","E","M","R","B",null,"M","M","?","M","M","E","$","E","T","E","?","R","?","M","R","B",null,"M","$","?","M","M","E","M","E","T","M","R","E","M","E","R","B",null,"R","$","E","B",null],"character_chosen":"DEFECT","items_purchased":["Self Repair","Ball Lightning","Aggregate","Bronze Scales","DollysMirror","Biased Cognition","FocusPotion","Energy Potion","TheAbacus"],"campfire_rested":1,"item_purchase_floors":[3,3,24,36,36,53,53,53,53],"current_hp_per_floor":[64,63,63,63,64,52,44,42,42,42,42,49,45,52,52,55,62,47,41,41,48,43,54,54,49,59,65,52,52,52,52,52,29,63,47,47,47,54,15,26,40,31,31,16,38,46,62,27,27,15,59,59,74,81,10],"gold":70,"neow_bonus":"ONE_RARE_RELIC","is_prod":false,"is_daily":false,"chose_seed":false,"campfire_upgraded":5,"win_rate":0,"timestamp":1618076785,"path_taken":["M","M","?","M","M","E","?","E","T","?","R","?","E","M","R","BOSS","M","M","?","M","M","E","$","E","T","E","?","R","?","M","R","BOSS","M","$","?","M","M","E","M","E","T","M","R","E","M","E","R","BOSS","R","$","E","BOSS"],"build_version":"2020-12-22","purchased_purges":2,"victory":true,"max_hp_per_floor":[64,64,64,64,64,64,64,64,64,64,64,64,64,64,64,64,64,64,64,64,64,64,64,64,64,74,74,74,74,74,74,74,74,74,74,74,74,74,74,74,74,74,74,74,74,74,74,74,74,74,74,74,74,81,81],"card_choices":[{"not_picked":["Gash","Sweeping Beam"],"picked":"Ball Lightning","floor":1},{"not_picked":["Storm","Sweeping Beam"],"picked":"Glacier","floor":2},{"not_picked":["Rebound","Cold Snap"],"picked":"Loop","floor":4},{"not_picked":["Compile Driver","Darkness","Conserve Battery"],"picked":"SKIP","floor":5},{"not_picked":["Hello World","Streamline"],"picked":"Thunder Strike","floor":6},{"not_picked":["Rebound","Barrage"],"picked":"Ball Lightning","floor":7},{"not_picked":["Thunder Strike","Gash"],"picked":"Conserve Battery","floor":8},{"not_picked":["Sweeping Beam","Coolheaded","Gash"],"picked":"SKIP","floor":12},{"not_picked":["Darkness","Self Repair"],"picked":"Defragment","floor":13},{"not_picked":["Cold Snap","Turbo"],"picked":"Conserve Battery","floor":14},{"not_picked":["Core Surge","Fission"],"picked":"Electrodynamics","floor":16},{"not_picked":["Rebound","Compile Driver"],"picked":"Steam","floor":18},{"not_picked":["Leap","Hologram","Streamline"],"picked":"SKIP","floor":19},{"not_picked":["Stack","Sunder"],"picked":"Barrage","floor":21},{"not_picked":["Static Discharge","Redo","Reprogram"],"picked":"SKIP","floor":22},{"not_picked":["Compile Driver+1","Loop"],"picked":"Glacier","floor":23},{"not_picked":["Turbo","Rebound"],"picked":"Go for the Eyes+1","floor":25},{"not_picked":["Turbo","Steam"],"picked":"Genetic Algorithm","floor":27},{"not_picked":["Scrape","Darkness"],"picked":"Double Energy","floor":28},{"not_picked":["Reprogram","Electrodynamics","Coolheaded"],"picked":"SKIP","floor":31},{"not_picked":["Reboot","Multi-Cast"],"picked":"Echo Form","floor":33},{"not_picked":["Coolheaded","Go for the Eyes","Doom and Gloom"],"picked":"SKIP","floor":35},{"not_picked":["Heatsinks","Streamline+1","Beam Cell"],"picked":"SKIP","floor":38},{"not_picked":["Streamline","Tempest"],"picked":"Stack+1","floor":39},{"not_picked":["Scrape","White Noise","Conserve Battery"],"picked":"SKIP","floor":40},{"not_picked":["Tempest","Darkness","Beam Cell"],"picked":"SKIP","floor":41},{"not_picked":["Barrage","Conserve Battery","Skim"],"picked":"SKIP","floor":42},{"not_picked":["Go for the Eyes+1","Turbo","Chaos"],"picked":"SKIP","floor":44},{"not_picked":["Cold Snap+1","White Noise"],"picked":"Seek","floor":46},{"not_picked":["Reprogram+1","Recycle","White Noise+1"],"picked":"SKIP","floor":47},{"not_picked":["Gash","Rebound","Coolheaded+1"],"picked":"SKIP","floor":48},{"not_picked":["Gash","Skim","Reinforced Body"],"picked":"SKIP","floor":54}],"player_experience":273923,"relics_obtained":[{"floor":6,"key":"Ornamental Fan"},{"floor":8,"key":"Incense Burner"},{"floor":9,"key":"Dream Catcher"},{"floor":13,"key":"Happy Flower"},{"floor":23,"key":"Omamori"},{"floor":25,"key":"Girya"},{"floor":26,"key":"Pear"},{"floor":27,"key":"Centennial Puzzle"},{"floor":28,"key":"Red Mask"},{"floor":40,"key":"Mummified Hand"},{"floor":40,"key":"HornCleat"},{"floor":42,"key":"Blood Vial"},{"floor":42,"key":"Letter Opener"},{"floor":46,"key":"Symbiotic Virus"},{"floor":46,"key":"Oddly Smooth Stone"},{"floor":48,"key":"MealTicket"},{"floor":48,"key":"Bird Faced Urn"},{"floor":54,"key":"Strawberry"},{"floor":54,"key":"DataDisk"}],"event_choices":[{"damage_healed":0,"gold_gain":0,"cards_transformed":["Strike_B"],"player_choice":"Transformed","damage_taken":0,"max_hp_gain":0,"max_hp_loss":0,"event_name":"Transmorgrifier","floor":10,"gold_loss":0,"cards_obtained":["Multi-Cast"]},{"damage_healed":0,"gold_gain":0,"player_choice":"Obtained Relic","damage_taken":0,"relics_obtained":["Lantern"],"max_hp_gain":0,"max_hp_loss":0,"event_name":"Addict","floor":20,"gold_loss":85},{"damage_healed":0,"gold_gain":0,"player_choice":"Fought Bandits","damage_taken":0,"max_hp_gain":0,"max_hp_loss":0,"event_name":"Masked Bandits","floor":28,"gold_loss":0},{"cards_removed":["Strike_B"],"damage_healed":0,"gold_gain":0,"player_choice":"Purged","damage_taken":0,"max_hp_gain":0,"max_hp_loss":0,"event_name":"Purifier","floor":30,"gold_loss":0},{"damage_healed":0,"gold_gain":222,"player_choice":"Wore Mask","damage_taken":0,"max_hp_gain":0,"max_hp_loss":0,"event_name":"Tomb of Lord Red Mask","floor":37,"gold_loss":0}],"is_beta":false,"boss_relics":[{"not_picked":["Fusion Hammer","Sozu"],"picked":"Inserter"},{"not_picked":["Calling Bell","Velvet Choker"],"picked":"Black Star"}],"items_purged_floors":[24,53],"is_endless":false,"potions_floor_spawned":[2,6,7,12,13,16,18,23,25,31,33,35,39,41,44],"ascension_level":16}