{"gold_per_floor":[113,188,113,124,124,124,158,170,206,238,270,29,29],"floor_reached":13,"playtime":356,"items_purged":[],"score":196,"play_id":"1de2a1fe-35a5-412a-ae54-ca93c5ce0dde","local_time":"20210411145529","is_ascension_mode":true,"campfire_choices":[{"data":"Zap","floor":6,"key":"SMITH"},{"data":"Ball Lightning","floor":8,"key":"SMITH"}],"neow_cost":"NONE","seed_source_timestamp":19010010629900,"circlet_count":0,"master_deck":["AscendersBane","Strike_B","Strike_B","Strike_B","Defend_B+1","Defend_B","Defend_B+1","Defend_B","Zap+1","Dualcast","Ball Lightning+1","Self Repair","Capacitor","Fusion","Defragment","Go for the Eyes"],"relics":["Cracked Core","NeowsBlessing","MawBank","Juzu Bracelet","Odd Mushroom","Orrery"],"potions_floor_usage":[10,13,13],"damage_taken":[{"damage":0,"enemies":"2 Louse","floor":1,"turns":1},{"damage":0,"enemies":"Jaw Worm","floor":4,"turns":1},{"damage":0,"enemies":"Lagavulin","floor":7,"turns":1},{"damage":8,"enemies":"The Mushroom Lair","floor":10,"turns":3},{"damage":0,"enemies":"Small Slimes","floor":11,"turns":2},{"damage":27,"enemies":"3 Sentries","floor":13,"turns":5}],"seed_played":"3165592221894918316","potions_obtained":[{"floor":4,"key":"Explosive Potion"},{"floor":10,"key":"SteroidPotion"},{"floor":11,"key":"Fire Potion"}],"is_trial":false,"path_per_floor":["M","?","?","M","?","R","E","R","T","?","M","$","E"],"character_chosen":"DEFECT","items_purchased":["Capacitor","Orrery"],"campfire_rested":0,"item_purchase_floors":[12,12],"current_hp_per_floor":[64,53,53,53,32,32,32,32,32,24,24,24,0],"gold":29,"neow_bonus":"THREE_ENEMY_KILL","is_prod":false,"is_daily":false,"chose_seed":false,"campfire_upgraded":2,"win_rate":0,"timestamp":1618170929,"path_taken":["M","?","?","M","?","R","E","R","T","?","M","$","E"],"build_version":"2020-12-22","purchased_purges":0,"victory":false,"max_hp_per_floor":[71,71,71,71,71,71,71,71,71,71,71,71,71],"card_choices":[{"not_picked":["Redo","Scrape","Recycle"],"picked":"SKIP","floor":1},{"not_picked":["Sunder","Aggregate","Leap"],"picked":"SKIP","floor":4},{"not_picked":["Reprogram","Recycle"],"picked":"Ball Lightning","floor":7},{"not_picked":["Reinforced Body","Steam"],"picked":"Self Repair","floor":11},{"not_picked":["Double Energy","Redo"],"picked":"Fusion","floor":12},{"not_picked":["Leap","Compile Driver"],"picked":"Defragment","floor":12},{"not_picked":["Redo","Turbo"],"picked":"Go for the Eyes","floor":12}],"player_experience":289728,"relics_obtained":[{"floor":7,"key":"MawBank"},{"floor":9,"key":"Juzu Bracelet"},{"floor":10,"key":"Odd Mushroom"}],"event_choices":[{"damage_healed":0,"gold_gain":75,"player_choice":"Gather Gold","damage_taken":11,"max_hp_gain":0,"max_hp_loss":0,"event_name":"World of Goop","floor":2,"gold_loss":0},{"cards_removed":["Strike_B"],"damage_healed":0,"gold_gain":0,"player_choice":"Card Removal","damage_taken":0,"max_hp_gain":0,"max_hp_loss":0,"event_name":"The Cleric","floor":3,"gold_loss":75},{"damage_healed":0,"gold_gain":0,"player_choice":"Entered Light","damage_taken":21,"max_hp_gain":0,"max_hp_loss":0,"event_name":"Shining Light","floor":5,"gold_loss":0,"cards_upgraded":["Defend_B","Defend_B"]},{"damage_healed":0,"gold_gain":0,"player_choice":"Fought Mushrooms","damage_taken":0,"max_hp_gain":0,"max_hp_loss":0,"event_name":"Mushrooms","floor":10,"gold_loss":0}],"is_beta":false,"boss_relics":[],"items_purged_floors":[],"is_endless":false,"potions_floor_spawned":[4,10,11],"killed_by":"3 Sentries","ascension_level":17}