{"gold_per_floor":[112,112,128,146,160,160,194,194,194,194,194,93,105,117,117,117],"floor_reached":16,"playtime":894,"items_purged":["Strike_B"],"score":189,"play_id":"2529ccce-5708-475e-ad61-be5b959a5148","local_time":"20210418141404","is_ascension_mode":true,"campfire_choices":[{"floor":6,"key":"REST"},{"floor":10,"key":"REST"},{"floor":15,"key":"REST"}],"neow_cost":"NONE","seed_source_timestamp":13299858087100,"circlet_count":0,"master_deck":["AscendersBane","Strike_B","Strike_B","Strike_B","Defend_B","Defend_B","Defend_B","Defend_B","Zap","Dualcast","Streamline","Fusion","Ball Lightning","Defragment","Leap","Loop"],"relics":["Philosopher\u0027s Stone","Pantograph","Ginger","Thread and Needle"],"potions_floor_usage":[7,16,16],"damage_taken":[{"damage":6,"enemies":"Jaw Worm","floor":1,"turns":4},{"damage":2,"enemies":"Cultist","floor":3,"turns":4},{"damage":9,"enemies":"Small Slimes","floor":4,"turns":3},{"damage":27,"enemies":"Exordium Thugs","floor":5,"turns":5},{"damage":30,"enemies":"3 Sentries","floor":7,"turns":6},{"damage":0,"enemies":"Blue Slaver","floor":13,"turns":4},{"damage":5,"enemies":"Large Slime","floor":14,"turns":5},{"damage":75,"enemies":"Hexaghost","floor":16,"turns":10}],"seed_played":"-7951970559887398150","potions_obtained":[{"floor":5,"key":"AttackPotion"},{"floor":7,"key":"EntropicBrew"},{"floor":11,"key":"AttackPotion"}],"is_trial":false,"path_per_floor":["M","?","M","M","M","R","E","?","T","R","?","$","M","M","R","B"],"character_chosen":"DEFECT","items_purchased":["Leap"],"campfire_rested":3,"item_purchase_floors":[12],"current_hp_per_floor":[58,58,56,47,20,41,11,6,6,27,27,27,27,22,43,0],"gold":117,"neow_bonus":"BOSS_RELIC","is_prod":false,"is_daily":false,"chose_seed":false,"campfire_upgraded":0,"win_rate":0,"timestamp":1618773244,"path_taken":["M","?","M","?","M","R","E","?","T","R","?","$","?","M","R","BOSS"],"build_version":"2020-12-22","purchased_purges":1,"victory":false,"max_hp_per_floor":[71,71,71,71,71,71,71,71,71,71,71,71,71,71,71,71],"card_choices":[{"not_picked":["Beam Cell","Go for the Eyes"],"picked":"Cold Snap","floor":1},{"not_picked":["Skim","Aggregate"],"picked":"Streamline","floor":3},{"not_picked":["Darkness","Glacier"],"picked":"Fusion","floor":4},{"not_picked":["Compile Driver","Recycle"],"picked":"Ball Lightning","floor":5},{"not_picked":["Self Repair","Meteor Strike"],"picked":"Defragment","floor":7},{"not_picked":["Melter","Hologram"],"picked":"Loop","floor":13},{"not_picked":["Turbo","White Noise","Compile Driver"],"picked":"SKIP","floor":14}],"player_experience":308867,"relics_obtained":[{"floor":7,"key":"Ginger"},{"floor":9,"key":"Thread and Needle"}],"event_choices":[{"cards_removed":["Cold Snap"],"damage_healed":0,"gold_gain":0,"player_choice":"Gave Card","damage_taken":0,"relics_obtained":["Pantograph"],"max_hp_gain":0,"max_hp_loss":0,"event_name":"WeMeetAgain","floor":2,"gold_loss":0},{"damage_healed":0,"gold_gain":0,"player_choice":"Fled","damage_taken":5,"max_hp_gain":0,"max_hp_loss":0,"event_name":"Scrap Ooze","floor":8,"gold_loss":0},{"damage_healed":0,"gold_gain":0,"player_choice":"Got Potions","damage_taken":0,"max_hp_gain":0,"max_hp_loss":0,"event_name":"Lab","floor":11,"gold_loss":0}],"is_beta":false,"boss_relics":[],"items_purged_floors":[12],"is_endless":false,"potions_floor_spawned":[5,7],"killed_by":"Hexaghost","ascension_level":17}