{"gold_per_floor":[218,237,248,248,264,297,71,71,71,71,71,71],"floor_reached":12,"playtime":432,"items_purged":["Strike_B"],"score":144,"play_id":"2df64fc5-a407-4321-bdf6-f6337c4c888b","local_time":"20210411144914","is_ascension_mode":true,"campfire_choices":[{"data":"Echo Form","floor":10.0,"key":"SMITH"}],"neow_cost":"NONE","seed_source_timestamp":18200496842000,"circlet_count":0,"master_deck":["AscendersBane","Strike_B","Strike_B","Defend_B","Defend_B","Defend_B","Defend_B","Zap","Dualcast","Streamline","Self Repair","Beam Cell","Echo Form+1"],"special_seed":0,"relics":["Cracked Core","Emotion Chip","Du-Vu Doll","Mummified Hand"],"potions_floor_usage":[12],"damage_taken":[{"damage":7.0,"enemies":"Small Slimes","floor":1.0,"turns":3.0},{"damage":7.0,"enemies":"Jaw Worm","floor":2.0,"turns":4.0},{"damage":0.0,"enemies":"Cultist","floor":3.0,"turns":2.0},{"damage":9.0,"enemies":"Red Slaver","floor":5.0,"turns":3.0},{"damage":45.0,"enemies":"3 Sentries","floor":6.0,"turns":10.0},{"damage":31,"enemies":"Gremlin Nob","floor":12,"turns":3}],"seed_played":"-7421234014297835521","potions_obtained":[{"floor":2.0,"key":"Regen Potion"},{"floor":6.0,"key":"BlessingOfTheForge"}],"is_trial":false,"path_per_floor":["M","M","M","?","M","E","$","?","T","R","?","E"],"character_chosen":"DEFECT","items_purchased":["Echo Form"],"campfire_rested":0,"item_purchase_floors":[7],"current_hp_per_floor":[57,50,50,50,48,25,25,30,30,30,25,0],"gold":71,"neow_bonus":"HUNDRED_GOLD","is_prod":false,"is_daily":false,"chose_seed":false,"campfire_upgraded":1,"win_rate":0,"timestamp":1618170554,"path_taken":["M","M","M","?","M","E","$","?","T","R","?","E"],"build_version":"2020-12-22","purchased_purges":1,"victory":false,"max_hp_per_floor":[71,71,71,71,71,71,71,76,76,76,76,76],"card_choices":[{"not_picked":["Compile Driver","Conserve Battery","Reprogram"],"picked":"SKIP","floor":1.0},{"not_picked":["Compile Driver","Stack"],"picked":"Streamline","floor":2.0},{"not_picked":["Blizzard","Cold Snap"],"picked":"Self Repair","floor":3.0},{"not_picked":["Lockon","Doom and Gloom"],"picked":"Beam Cell","floor":5.0},{"not_picked":["Melter","Recycle","Go for the Eyes"],"picked":"SKIP","floor":6.0}],"player_experience":289296,"relics_obtained":[{"floor":6.0,"key":"Emotion Chip"},{"floor":9.0,"key":"Du-Vu Doll"}],"event_choices":[{"cards_removed":["Strike_B"],"damage_healed":0.0,"max_hp_gain":0.0,"max_hp_loss":0.0,"gold_gain":0.0,"event_name":"Living Wall","player_choice":"Forget","floor":4.0,"gold_loss":0.0,"damage_taken":0.0},{"damage_healed":0.0,"max_hp_gain":5.0,"max_hp_loss":0.0,"gold_gain":0.0,"event_name":"Big Fish","player_choice":"Donut","floor":8.0,"gold_loss":0.0,"damage_taken":0.0},{"damage_healed":0.0,"max_hp_gain":0.0,"max_hp_loss":0.0,"gold_gain":0.0,"event_name":"Scrap Ooze","player_choice":"Success","floor":11.0,"gold_loss":0.0,"damage_taken":5.0,"relics_obtained":["Mummified Hand"]}],"is_beta":false,"boss_relics":[],"items_purged_floors":[7],"is_endless":false,"potions_floor_spawned":[2,6],"killed_by":"Gremlin Nob","ascension_level":17}