{"gold_per_floor":[117,117,192,202,42,74,85,98,147,187,217,229],"floor_reached":12,"playtime":456,"items_purged":[],"score":213,"play_id":"6523319f-eacc-4a80-8a34-ba2b9deabac6","local_time":"20210411150313","is_ascension_mode":true,"campfire_choices":[],"neow_cost":"NONE","seed_source_timestamp":19374906354300,"circlet_count":0,"master_deck":["AscendersBane","Strike_B","Strike_B","Strike_B","Defend_B","Defend_B","Defend_B","Defend_B","Zap","Dualcast","Chill","Darkness","Ball Lightning+1","Beam Cell+1","Capacitor","Coolheaded","Loop"],"relics":["Cracked Core","NeowsBlessing","Bag of Preparation","Question Card","MawBank","Whetstone"],"potions_floor_usage":[10,12],"damage_taken":[{"damage":0,"enemies":"2 Louse","floor":1,"turns":1},{"damage":0,"enemies":"Jaw Worm","floor":4,"turns":1},{"damage":0,"enemies":"Gremlin Nob","floor":6,"turns":1},{"damage":19,"enemies":"Small Slimes","floor":7,"turns":3},{"damage":0,"enemies":"2 Fungi Beasts","floor":8,"turns":3},{"damage":13,"enemies":"3 Sentries","floor":10,"turns":6},{"damage":0,"enemies":"Lots of Slimes","floor":11,"turns":5},{"damage":25,"enemies":"The Mushroom Lair","floor":12,"turns":4}],"seed_played":"5487123351853580092","potions_obtained":[{"floor":1,"key":"BlessingOfTheForge"},{"floor":4,"key":"Fire Potion"}],"is_trial":false,"path_per_floor":["M","?","?","M","$","E","M","M","T","E","M","?"],"character_chosen":"DEFECT","items_purchased":["Bag of Preparation"],"campfire_rested":0,"item_purchase_floors":[5],"current_hp_per_floor":[64,64,53,53,53,53,34,34,34,21,21,0],"gold":229,"neow_bonus":"THREE_ENEMY_KILL","is_prod":false,"is_daily":false,"chose_seed":false,"campfire_upgraded":0,"win_rate":0,"timestamp":1618171393,"path_taken":["M","?","?","M","?","E","M","M","T","E","M","?"],"build_version":"2020-12-22","purchased_purges":0,"victory":false,"max_hp_per_floor":[71,71,71,71,71,71,71,71,71,71,71,71],"card_choices":[{"not_picked":["Force Field","Leap"],"picked":"Chill","floor":1},{"not_picked":["Steam","Undo","Chaos"],"picked":"SKIP","floor":4},{"not_picked":["Hologram","Streamline"],"picked":"Ball Lightning","floor":6},{"not_picked":["Redo","Skim","Undo"],"picked":"Beam Cell","floor":7},{"not_picked":["Ball Lightning","Hologram","Hyperbeam"],"picked":"Capacitor","floor":8},{"not_picked":["Sweeping Beam","Rebound","Streamline"],"picked":"Coolheaded","floor":10},{"not_picked":["Barrage","Static Discharge","Coolheaded"],"picked":"Loop","floor":11}],"player_experience":290084,"relics_obtained":[{"floor":6,"key":"Question Card"},{"floor":9,"key":"MawBank"},{"floor":10,"key":"Whetstone"}],"event_choices":[{"damage_healed":0,"gold_gain":0,"cards_transformed":["Strike_B"],"player_choice":"Change","damage_taken":0,"max_hp_gain":0,"max_hp_loss":0,"event_name":"Living Wall","floor":2,"gold_loss":0,"cards_obtained":["Darkness"]},{"damage_healed":0,"gold_gain":75,"player_choice":"Gather Gold","damage_taken":11,"max_hp_gain":0,"max_hp_loss":0,"event_name":"World of Goop","floor":3,"gold_loss":0},{"damage_healed":0,"gold_gain":0,"player_choice":"Fought Mushrooms","damage_taken":0,"max_hp_gain":0,"max_hp_loss":0,"event_name":"Mushrooms","floor":12,"gold_loss":0}],"is_beta":false,"boss_relics":[],"items_purged_floors":[],"is_endless":false,"potions_floor_spawned":[1,4,8],"killed_by":"The Mushroom Lair","ascension_level":17}