{"gold_per_floor":[114,131,146,156,156,156,185,197,232,272,298,310,6,22,22,93,93,110,127,127,127],"floor_reached":21,"playtime":1102,"items_purged":["Strike_B"],"score":353,"play_id":"e63614e6-b33e-41ed-94d2-196ccaa8ae79","local_time":"20210418143236","is_ascension_mode":true,"campfire_choices":[{"data":"Fusion","floor":6,"key":"SMITH"},{"floor":8,"key":"REST"},{"floor":12,"key":"REST"},{"data":"Zap","floor":15,"key":"SMITH"}],"neow_cost":"NONE","seed_source_timestamp":14203330678400,"circlet_count":0,"master_deck":["AscendersBane","Strike_B","Strike_B","Strike_B","Defend_B","Defend_B","Defend_B","Defend_B","Zap+1","Dualcast","Fusion+1","Cold Snap","Go for the Eyes","Electrodynamics","Lockon","Auto Shields","Ball Lightning","Panache","Cold Snap","Seek","Lockon+1","Streamline+1"],"relics":["Runic Dome","MawBank","Boot","Happy Flower","Philosopher\u0027s Stone"],"potions_floor_usage":[1,21,21,21,21],"damage_taken":[{"damage":1,"enemies":"Cultist","floor":1,"turns":4},{"damage":19,"enemies":"Jaw Worm","floor":2,"turns":4},{"damage":6,"enemies":"2 Louse","floor":3,"turns":3},{"damage":9,"enemies":"Looter","floor":4,"turns":3},{"damage":50,"enemies":"Gremlin Nob","floor":7,"turns":7},{"damage":16,"enemies":"Lagavulin","floor":10,"turns":7},{"damage":0,"enemies":"3 Louse","floor":11,"turns":1},{"damage":0,"enemies":"2 Fungi Beasts","floor":14,"turns":2},{"damage":29,"enemies":"Slime Boss","floor":16,"turns":7},{"damage":36,"enemies":"Shell Parasite","floor":18,"turns":5},{"damage":0,"enemies":"Spheric Guardian","floor":19,"turns":3},{"damage":30,"enemies":"Cultist and Chosen","floor":21,"turns":7}],"seed_played":"-793407011154959698","potions_obtained":[{"floor":1,"key":"Fruit Juice"},{"floor":3,"key":"SmokeBomb"},{"floor":7,"key":"GamblersBrew"},{"floor":14,"key":"Energy Potion"},{"floor":16,"key":"EssenceOfSteel"},{"floor":18,"key":"EntropicBrew"}],"is_trial":false,"path_per_floor":["M","M","M","M","?","R","E","R","T","E","M","R","$","M","R","B",null,"M","M","?","M"],"character_chosen":"DEFECT","items_purchased":["Ball Lightning","Panache"],"campfire_rested":2,"item_purchase_floors":[13,13],"current_hp_per_floor":[68,49,43,34,59,59,9,31,31,15,15,37,37,37,37,8,59,23,23,23,0],"gold":127,"neow_bonus":"BOSS_RELIC","is_prod":false,"is_daily":false,"chose_seed":false,"campfire_upgraded":2,"win_rate":0,"timestamp":1618774356,"path_taken":["M","M","?","M","?","R","E","R","T","E","M","R","$","M","R","BOSS","M","M","?","M"],"build_version":"2020-12-22","purchased_purges":1,"victory":false,"max_hp_per_floor":[76,76,76,76,76,76,76,76,76,76,76,76,76,76,76,76,76,76,76,76,76],"card_choices":[{"not_picked":["Aggregate","Go for the Eyes"],"picked":"Fusion","floor":1},{"not_picked":["Compile Driver","Barrage"],"picked":"Cold Snap","floor":2},{"not_picked":["Redo","Heatsinks"],"picked":"Go for the Eyes","floor":3},{"not_picked":["Redo","Doom and Gloom","Gash"],"picked":"SKIP","floor":4},{"not_picked":["Compile Driver","Hello World"],"picked":"Electrodynamics","floor":7},{"not_picked":["Barrage","Fusion"],"picked":"Lockon","floor":10},{"not_picked":["Beam Cell","Barrage"],"picked":"Auto Shields","floor":11},{"not_picked":["Go for the Eyes","Redo"],"picked":"Cold Snap","floor":14},{"not_picked":["Electrodynamics","Machine Learning"],"picked":"Seek","floor":16},{"not_picked":["Rebound+1","Steam"],"picked":"Lockon+1","floor":18},{"not_picked":["Redo","Coolheaded"],"picked":"Streamline+1","floor":19}],"player_experience":309761,"relics_obtained":[{"floor":7,"key":"MawBank"},{"floor":9,"key":"Boot"},{"floor":10,"key":"Happy Flower"}],"event_choices":[{"damage_healed":25,"gold_gain":0,"player_choice":"Banana","damage_taken":0,"max_hp_gain":0,"max_hp_loss":0,"event_name":"Big Fish","floor":5,"gold_loss":0},{"damage_healed":0,"gold_gain":0,"player_choice":"Ignored","damage_taken":0,"max_hp_gain":0,"max_hp_loss":0,"event_name":"The Mausoleum","floor":20,"gold_loss":0}],"is_beta":false,"boss_relics":[{"not_picked":["Snecko Eye","Empty Cage"],"picked":"Philosopher\u0027s Stone"}],"items_purged_floors":[13],"is_endless":false,"potions_floor_spawned":[1,3,7,14,16,18],"killed_by":"Cultist and Chosen","ascension_level":17}