{"gold_per_floor":[110,125,125,11,11,11,40,40,40,57,87,87,12,24,24,98,98,111,61,74,94,112,141,141,141,187,200,230,70,70,80,80,155,155,173,187,187,187,237,237],"floor_reached":40,"playtime":2407,"items_purged":["Strike_B"],"score":849,"play_id":"3aab21ca-30d0-4b24-80ce-6d6782df7dae","local_time":"20210425111427","is_ascension_mode":true,"campfire_choices":[{"floor":6.0,"key":"REST"},{"floor":8.0,"key":"REST"},{"floor":12.0,"key":"REST"},{"data":"Defragment","floor":15.0,"key":"SMITH"},{"floor":24.0,"key":"REST"},{"floor":32,"key":"REST"}],"neow_cost":"NONE","seed_source_timestamp":408034194000,"circlet_count":0,"master_deck":["AscendersBane","Strike_B","Defend_B","Defend_B+1","Defend_B","Zap+1","Dualcast","Ball Lightning","FTL","Defragment+1","Ball Lightning","Leap","Electrodynamics","Creative AI","CurseOfTheBell","Consume+1","Cold Snap","Self Repair","BootSequence","Steam","Thunder Strike","Cold Snap","Cold Snap","Coolheaded","Beam Cell+1","Chill"],"special_seed":0,"relics":["Runic Dome","Emotion Chip","Pantograph","Turnip","Calling Bell","Centennial Puzzle","Mummified Hand","Calipers","StoneCalendar","Oddly Smooth Stone","Orichalcum","Medical Kit","Enchiridion","Philosopher\u0027s Stone","Bronze Scales","Unceasing Top"],"potions_floor_usage":[],"damage_taken":[{"damage":10.0,"enemies":"2 Louse","floor":1.0,"turns":2.0},{"damage":7.0,"enemies":"Jaw Worm","floor":2.0,"turns":3.0},{"damage":32.0,"enemies":"Gremlin Nob","floor":7.0,"turns":4.0},{"damage":0.0,"enemies":"Small Slimes","floor":10.0,"turns":2.0},{"damage":15.0,"enemies":"Lagavulin","floor":11.0,"turns":4.0},{"damage":0.0,"enemies":"Red Slaver","floor":14.0,"turns":3.0},{"damage":29.0,"enemies":"Hexaghost","floor":16.0,"turns":8.0},{"damage":1.0,"enemies":"3 Byrds","floor":18.0,"turns":2.0},{"damage":13.0,"enemies":"Shell Parasite","floor":20.0,"turns":4.0},{"damage":13.0,"enemies":"Centurion and Healer","floor":21.0,"turns":3.0},{"damage":31.0,"enemies":"Snake Plant","floor":22.0,"turns":3.0},{"damage":16.0,"enemies":"Slavers","floor":23.0,"turns":3.0},{"damage":0.0,"enemies":"Sentry and Sphere","floor":27.0,"turns":4.0},{"damage":0.0,"enemies":"Gremlin Leader","floor":28.0,"turns":7.0},{"damage":0,"enemies":"Snecko","floor":31,"turns":3},{"damage":7,"enemies":"Collector","floor":33,"turns":7},{"damage":4,"enemies":"Orb Walker","floor":35,"turns":4},{"damage":7,"enemies":"3 Shapes","floor":36,"turns":3},{"damage":40,"enemies":"2 Orb Walkers","floor":39,"turns":4},{"damage":70,"enemies":"Giant Head","floor":40,"turns":10}],"seed_played":"6784068498504110477","potions_obtained":[{"floor":7.0,"key":"Dexterity Potion"},{"floor":11.0,"key":"SmokeBomb"},{"floor":14.0,"key":"Block Potion"},{"floor":18.0,"key":"EssenceOfSteel"},{"floor":20.0,"key":"LiquidMemories"},{"floor":21.0,"key":"FairyPotion"}],"is_trial":false,"path_per_floor":["M","M","?","$","?","R","E","R","T","M","E","R","?","M","R","B",null,"M","?","M","M","M","E","R","?","T","M","E","$","?","M","R","B",null,"M","M","?","T","?","E"],"character_chosen":"DEFECT","items_purchased":["Defragment","Medical Kit"],"campfire_rested":5,"item_purchase_floors":[4,29],"current_hp_per_floor":[54,47,52,52,29,51,19,41,41,41,26,48,48,48,48,44,68,67,67,54,41,17,1,23,23,23,30,37,37,16,23,45,70,75,76,69,69,69,36,0],"gold":237,"neow_bonus":"BOSS_RELIC","is_prod":false,"is_daily":false,"chose_seed":false,"campfire_upgraded":1,"win_rate":0,"timestamp":1619367267,"path_taken":["M","M","?","$","?","R","E","R","T","M","E","R","?","M","R","BOSS","M","?","M","?","M","E","R","?","T","M","E","$","?","M","R","BOSS","M","M","?","?","?","E"],"build_version":"2020-12-22","purchased_purges":1,"victory":false,"max_hp_per_floor":[71,71,76,76,76,76,76,76,76,76,76,76,76,76,76,76,76,76,76,76,76,76,76,76,76,76,76,76,76,76,76,76,76,76,76,76,72,72,72,72],"card_choices":[{"not_picked":["Conserve Battery","Go for the Eyes"],"picked":"Ball Lightning","floor":1.0},{"not_picked":["Coolheaded","Loop"],"picked":"FTL","floor":2.0},{"not_picked":["Static Discharge","Heatsinks","Double Energy"],"picked":"SKIP","floor":7.0},{"not_picked":["Coolheaded","Sunder"],"picked":"Ball Lightning","floor":10.0},{"not_picked":["Darkness","Aggregate"],"picked":"Leap","floor":11.0},{"not_picked":["Tempest","Aggregate"],"picked":"Electrodynamics","floor":14.0},{"not_picked":["Machine Learning","Rainbow"],"picked":"Creative AI","floor":16.0},{"not_picked":["Sweeping Beam","Ball Lightning"],"picked":"Consume+1","floor":18.0},{"not_picked":["Streamline","Stack"],"picked":"Cold Snap","floor":20.0},{"not_picked":["Multi-Cast","Rebound"],"picked":"Self Repair","floor":21.0},{"not_picked":["Gash+1","Rebound"],"picked":"BootSequence","floor":22.0},{"not_picked":["Steam Power","Doom and Gloom"],"picked":"Steam","floor":23.0},{"not_picked":["Turbo","Hologram"],"picked":"Cold Snap","floor":27.0},{"not_picked":["Compile Driver","Streamline+1","Stack"],"picked":"SKIP","floor":28.0},{"not_picked":["Compile Driver","Streamline+1","Stack"],"picked":"SKIP","floor":28.0},{"not_picked":["Hyperbeam","Hologram"],"picked":"Coolheaded","floor":31},{"not_picked":["Turbo","Steam+1"],"picked":"Beam Cell+1","floor":35},{"not_picked":["Rebound","Gash","Sweeping Beam"],"picked":"SKIP","floor":36},{"not_picked":["Go for the Eyes+1","BootSequence+1"],"picked":"Chill","floor":39}],"player_experience":324759,"relics_obtained":[{"floor":7.0,"key":"Emotion Chip"},{"floor":9.0,"key":"Pantograph"},{"floor":11.0,"key":"Turnip"},{"floor":17.0,"key":"Centennial Puzzle"},{"floor":17.0,"key":"Mummified Hand"},{"floor":17.0,"key":"Calipers"},{"floor":23.0,"key":"StoneCalendar"},{"floor":26.0,"key":"Oddly Smooth Stone"},{"floor":28.0,"key":"Orichalcum"},{"floor":30,"key":"Enchiridion"},{"floor":38,"key":"Bronze Scales"},{"floor":39,"key":"Unceasing Top"}],"event_choices":[{"damage_healed":0.0,"max_hp_gain":5.0,"max_hp_loss":0.0,"gold_gain":0.0,"event_name":"Big Fish","player_choice":"Donut","floor":3.0,"gold_loss":0.0,"damage_taken":0.0},{"damage_healed":0.0,"max_hp_gain":0.0,"max_hp_loss":0.0,"gold_gain":0.0,"event_name":"Shining Light","player_choice":"Entered Light","floor":5.0,"gold_loss":0.0,"damage_taken":23.0,"cards_upgraded":["Defend_B","Zap"]},{"cards_removed":["Strike_B"],"damage_healed":0.0,"max_hp_gain":0.0,"max_hp_loss":0.0,"gold_gain":0.0,"event_name":"The Cleric","player_choice":"Card Removal","floor":13.0,"gold_loss":75.0,"damage_taken":0.0},{"damage_healed":0.0,"max_hp_gain":0.0,"max_hp_loss":0.0,"gold_gain":0.0,"event_name":"The Joust","player_choice":"Bet on Murderer","floor":19.0,"gold_loss":50.0,"damage_taken":0.0},{"damage_healed":0.0,"max_hp_gain":0.0,"max_hp_loss":0.0,"gold_gain":0.0,"cards_transformed":["Defend_B","Strike_B"],"event_name":"Drug Dealer","player_choice":"Became Test Subject","floor":25.0,"gold_loss":0.0,"damage_taken":0.0,"cards_obtained":["Thunder Strike","Cold Snap"]},{"damage_healed":0,"gold_gain":0,"player_choice":"Obtained Book","damage_taken":21,"max_hp_gain":0,"max_hp_loss":0,"event_name":"Cursed Tome","floor":30,"gold_loss":0},{"damage_healed":0,"gold_gain":0,"player_choice":"Max HP","damage_taken":0,"max_hp_gain":0,"max_hp_loss":4,"event_name":"Winding Halls","floor":37,"gold_loss":0},{"damage_healed":0,"gold_gain":0,"player_choice":"Fight","damage_taken":0,"max_hp_gain":0,"max_hp_loss":0,"event_name":"Mysterious Sphere","floor":39,"gold_loss":0}],"is_beta":false,"boss_relics":[{"not_picked":["Cursed Key","SlaversCollar"],"picked":"Calling Bell"},{"not_picked":["Velvet Choker","Runic Pyramid"],"picked":"Philosopher\u0027s Stone"}],"items_purged_floors":[4],"is_endless":false,"potions_floor_spawned":[7,11,14,18,20,21,28,35],"killed_by":"Giant Head","ascension_level":17}