{"gold_per_floor":[111,128,2,2,20,49,49,80,80,80,5,5,22,37,37,111,111,127,140,140,153,185,216,216,235,262,262,288,301,301,329,329,329],"floor_reached":33,"playtime":2497,"items_purged":["Strike_B"],"score":583,"play_id":"70db6ed8-85d8-4f6b-9dd7-8e59eff8b2ad","local_time":"20210429220057","is_ascension_mode":true,"campfire_choices":[{"floor":7,"key":"REST"},{"floor":10,"key":"REST"},{"data":"Hyperbeam","floor":15,"key":"SMITH"},{"floor":24,"key":"REST"},{"floor":30,"key":"REST"},{"data":"Fission","floor":32,"key":"SMITH"}],"neow_cost":"NONE","seed_source_timestamp":4751556174600,"circlet_count":0,"master_deck":["AscendersBane","Strike_B","Defend_B","Defend_B","Defend_B","Defend_B","Zap","Dualcast","Hyperbeam+1","Go for the Eyes","Ball Lightning","Beam Cell","Compile Driver+1","All For One+1","Sunder+1","Consume","Chill","Fission+1","Streamline+1","BootSequence","Loop","Hello World+1","Skim+1","Rip and Tear+1","Ball Lightning+1","Buffer","Redo+1"],"relics":["FrozenCore","Molten Egg 2","Matryoshka","Ice Cream","Pear","Cables","Red Mask","InkBottle","Ancient Tea Set","Regal Pillow","Meat on the Bone","Letter Opener"],"potions_floor_usage":[16,23,33,33],"damage_taken":[{"damage":6,"enemies":"Cultist","floor":1,"turns":3},{"damage":7,"enemies":"Jaw Worm","floor":2,"turns":3},{"damage":5,"enemies":"2 Louse","floor":5,"turns":2},{"damage":20,"enemies":"Gremlin Nob","floor":6,"turns":4},{"damage":15,"enemies":"3 Sentries","floor":8,"turns":4},{"damage":2,"enemies":"Exordium Wildlife","floor":13,"turns":3},{"damage":1,"enemies":"2 Fungi Beasts","floor":14,"turns":2},{"damage":48,"enemies":"Slime Boss","floor":16,"turns":9},{"damage":8,"enemies":"3 Byrds","floor":18,"turns":5},{"damage":0,"enemies":"Chosen","floor":19,"turns":5},{"damage":17,"enemies":"Snake Plant","floor":21,"turns":3},{"damage":0,"enemies":"Masked Bandits","floor":22,"turns":2},{"damage":16,"enemies":"Gremlin Leader","floor":23,"turns":6},{"damage":7,"enemies":"Centurion and Healer","floor":25,"turns":6},{"damage":37,"enemies":"Book of Stabbing","floor":28,"turns":7},{"damage":0,"enemies":"Snecko","floor":29,"turns":4},{"damage":14,"enemies":"Slavers","floor":31,"turns":5},{"damage":61,"enemies":"Champ","floor":33,"turns":13}],"seed_played":"5073213747567459363","potions_obtained":[{"floor":1,"key":"Strength Potion"},{"floor":5,"key":"FearPotion"},{"floor":14,"key":"Regen Potion"},{"floor":16,"key":"SpeedPotion"},{"floor":19,"key":"AttackPotion"},{"floor":31,"key":"Dexterity Potion"}],"is_trial":false,"path_per_floor":["M","M","$","?","M","E","R","E","T","R","?","$","M","M","R","B",null,"M","M","?","M","?","E","R","M","T","?","E","M","R","E","R","B"],"character_chosen":"DEFECT","items_purchased":["Beam Cell"],"campfire_rested":4,"item_purchase_floors":[3],"current_hp_per_floor":[58,51,51,33,28,8,29,14,24,48,48,48,46,45,45,12,64,56,56,56,39,39,23,47,40,40,40,3,15,54,52,52,0],"gold":329,"neow_bonus":"ONE_RANDOM_RARE_CARD","is_prod":false,"is_daily":false,"chose_seed":false,"campfire_upgraded":2,"win_rate":0,"timestamp":1619751657,"path_taken":["M","M","?","?","M","E","R","E","T","R","?","$","?","M","R","BOSS","M","M","?","M","?","E","R","M","T","?","E","?","R","E","R","BOSS"],"build_version":"2020-12-22","purchased_purges":1,"victory":false,"max_hp_per_floor":[71,71,71,71,71,71,71,71,81,81,81,81,81,81,81,81,81,81,81,81,81,81,81,81,81,81,81,81,81,81,81,81,81],"card_choices":[{"not_picked":["Stack","Compile Driver"],"picked":"Go for the Eyes","floor":1},{"not_picked":["Stack","Leap"],"picked":"Ball Lightning","floor":2},{"not_picked":["Gash+1","Hologram"],"picked":"Compile Driver+1","floor":5},{"not_picked":["Stack","Steam"],"picked":"All For One+1","floor":6},{"not_picked":["Leap","Capacitor"],"picked":"Sunder+1","floor":8},{"not_picked":["Go for the Eyes+1","Coolheaded"],"picked":"Consume","floor":13},{"not_picked":["Go for the Eyes+1","Barrage+1"],"picked":"Chill","floor":14},{"not_picked":["Multi-Cast","Machine Learning"],"picked":"Fission","floor":16},{"not_picked":["Redo","Consume","Turbo"],"picked":"SKIP","floor":18},{"not_picked":["Heatsinks","Stack"],"picked":"Streamline+1","floor":19},{"not_picked":["Hologram","Barrage+1"],"picked":"Loop","floor":21},{"not_picked":["Hologram","Steam+1"],"picked":"Hello World+1","floor":22},{"not_picked":["BootSequence","Rebound+1"],"picked":"Skim+1","floor":23},{"not_picked":["Coolheaded","Steam Power"],"picked":"Rip and Tear+1","floor":25},{"not_picked":["Leap","Hologram"],"picked":"Ball Lightning+1","floor":28},{"not_picked":["Gash+1","Conserve Battery"],"picked":"Buffer","floor":29},{"not_picked":["Sweeping Beam+1","Coolheaded"],"picked":"Redo+1","floor":31}],"player_experience":330100,"relics_obtained":[{"floor":6,"key":"Matryoshka"},{"floor":8,"key":"Ice Cream"},{"floor":9,"key":"Pear"},{"floor":9,"key":"Cables"},{"floor":22,"key":"Red Mask"},{"floor":23,"key":"InkBottle"},{"floor":26,"key":"Ancient Tea Set"},{"floor":26,"key":"Regal Pillow"},{"floor":28,"key":"Meat on the Bone"},{"floor":31,"key":"Letter Opener"}],"event_choices":[{"damage_healed":0,"gold_gain":0,"player_choice":"Success","damage_taken":18,"relics_obtained":["Molten Egg 2"],"max_hp_gain":0,"max_hp_loss":0,"event_name":"Scrap Ooze","floor":4,"gold_loss":0},{"cards_removed":["Strike_B"],"damage_healed":0,"gold_gain":0,"player_choice":"Card Removal","damage_taken":0,"max_hp_gain":0,"max_hp_loss":0,"event_name":"The Cleric","floor":11,"gold_loss":75},{"damage_healed":0,"gold_gain":0,"player_choice":"Read","damage_taken":0,"max_hp_gain":0,"max_hp_loss":0,"event_name":"The Library","floor":20,"gold_loss":0,"cards_obtained":["BootSequence"]},{"damage_healed":0,"gold_gain":0,"player_choice":"Fought Bandits","damage_taken":0,"max_hp_gain":0,"max_hp_loss":0,"event_name":"Masked Bandits","floor":22,"gold_loss":0},{"cards_removed":["Strike_B"],"damage_healed":0,"gold_gain":0,"player_choice":"Purged","damage_taken":0,"max_hp_gain":0,"max_hp_loss":0,"event_name":"Purifier","floor":27,"gold_loss":0}],"is_beta":false,"boss_relics":[{"not_picked":["Fusion Hammer","Black Star"],"picked":"FrozenCore"}],"items_purged_floors":[3],"is_endless":false,"potions_floor_spawned":[1,5,14,16,18,19,22,31],"killed_by":"Champ","ascension_level":17}