{"gold_per_floor":[369,44,63,75,91,91,119,119,119,19,19,19,36,66,66,66],"floor_reached":16,"playtime":818,"items_purged":["Strike_B","Strike_B"],"score":204,"play_id":"0a4adf0c-8d16-48a0-9ebc-39a4038edad9","local_time":"20210421173003","is_ascension_mode":true,"campfire_choices":[{"data":"Go for the Eyes","floor":6,"key":"SMITH"},{"floor":11,"key":"REST"},{"floor":15,"key":"REST"}],"neow_cost":"TEN_PERCENT_HP_LOSS","seed_source_timestamp":113080803000,"circlet_count":0,"master_deck":["AscendersBane","Strike_B","Strike_B","Defend_B","Defend_B","Defend_B","Defend_B","Zap","Dualcast","Go for the Eyes+1","Capacitor","Electrodynamics","Defragment","Barrage","Rip and Tear"],"relics":["Cracked Core","Bronze Scales","Letter Opener","Ornamental Fan","InkBottle"],"potions_floor_usage":[7],"damage_taken":[{"damage":0,"enemies":"Cultist","floor":1,"turns":3},{"damage":8,"enemies":"2 Louse","floor":3,"turns":2},{"damage":9,"enemies":"Jaw Worm","floor":4,"turns":3},{"damage":12,"enemies":"2 Fungi Beasts","floor":5,"turns":3},{"damage":23,"enemies":"Gremlin Nob","floor":7,"turns":4},{"damage":0,"enemies":"Lots of Slimes","floor":13,"turns":1},{"damage":20,"enemies":"Lagavulin","floor":14,"turns":6},{"damage":37,"enemies":"Slime Boss","floor":16,"turns":6}],"seed_played":"-906820536571752037","potions_obtained":[{"floor":3,"key":"SteroidPotion"}],"is_trial":false,"path_per_floor":["M","$","M","M","M","R","E","?","T","$","R","$","M","E","R","B"],"character_chosen":"DEFECT","items_purchased":["Bronze Scales","Capacitor"],"campfire_rested":2,"item_purchase_floors":[2,2],"current_hp_per_floor":[64,64,56,47,35,35,12,12,12,12,31,31,31,11,30,0],"gold":66,"neow_bonus":"TWO_FIFTY_GOLD","is_prod":false,"is_daily":false,"chose_seed":false,"campfire_upgraded":1,"win_rate":0,"timestamp":1619044203,"path_taken":["M","?","M","M","M","R","E","?","T","$","R","?","M","E","R","BOSS"],"build_version":"2020-12-22","purchased_purges":2,"victory":false,"max_hp_per_floor":[64,64,64,64,64,64,64,64,64,64,64,64,64,64,64,64],"card_choices":[{"not_picked":["Turbo","Chaos"],"picked":"Go for the Eyes","floor":1},{"not_picked":["Gash","Compile Driver","Go for the Eyes"],"picked":"SKIP","floor":3},{"not_picked":["Stack","Redo","Gash"],"picked":"SKIP","floor":4},{"not_picked":["Cold Snap","Streamline"],"picked":"Electrodynamics","floor":5},{"not_picked":["Go for the Eyes","Leap"],"picked":"Defragment","floor":7},{"not_picked":["Double Energy","Gash"],"picked":"Barrage","floor":13},{"not_picked":["Go for the Eyes","Turbo"],"picked":"Rip and Tear","floor":14}],"player_experience":310863,"relics_obtained":[{"floor":7,"key":"Letter Opener"},{"floor":9,"key":"Ornamental Fan"},{"floor":14,"key":"InkBottle"}],"event_choices":[{"damage_healed":0,"gold_gain":0,"player_choice":"Ignored","damage_taken":0,"max_hp_gain":0,"max_hp_loss":0,"event_name":"Liars Game","floor":8,"gold_loss":0}],"is_beta":false,"boss_relics":[],"items_purged_floors":[2,10],"is_endless":false,"potions_floor_spawned":[3],"killed_by":"Slime Boss","ascension_level":17}