{"gold_per_floor":[118,131,141,141,141,141,181,196,196,196,227,61,61,61,61,151,151,166,166,189,104,104],"floor_reached":22,"playtime":1594,"items_purged":[],"score":355,"play_id":"78efbb73-eb0f-4904-a8e8-ffd9ddef0477","local_time":"20210430222714","is_ascension_mode":true,"campfire_choices":[{"data":"Leap","floor":6,"key":"SMITH"},{"floor":10,"key":"REST"},{"floor":13,"key":"REST"},{"data":"Loop","floor":15,"key":"SMITH"}],"neow_cost":"TEN_PERCENT_HP_LOSS","seed_source_timestamp":4762250355500,"circlet_count":0,"master_deck":["AscendersBane","Strike_B","Strike_B","Strike_B","Defend_B","Defend_B","Defend_B","Defend_B","Zap","Dualcast","The Bomb","Go for the Eyes","Leap+1","Coolheaded","Conserve Battery","Sunder","Loop+1","Core Surge","Necronomicurse","Turbo+1"],"relics":["Cracked Core","Bag of Marbles","Golden Idol","Mummified Hand","Regal Pillow","Orichalcum","Lantern","SlaversCollar","Necronomicon","Centennial Puzzle"],"potions_floor_usage":[16,22,22],"damage_taken":[{"damage":3,"enemies":"Small Slimes","floor":1,"turns":3},{"damage":4,"enemies":"2 Louse","floor":2,"turns":2},{"damage":4,"enemies":"Jaw Worm","floor":3,"turns":4},{"damage":22,"enemies":"Gremlin Nob","floor":7,"turns":4},{"damage":0,"enemies":"Looter","floor":8,"turns":3},{"damage":23,"enemies":"3 Sentries","floor":11,"turns":5},{"damage":11,"enemies":"The Guardian","floor":16,"turns":10},{"damage":12,"enemies":"2 Thieves","floor":18,"turns":4},{"damage":17,"enemies":"Shell Parasite","floor":20,"turns":4},{"damage":12,"enemies":"Snecko","floor":22,"turns":2}],"seed_played":"6839059098904987199","potions_obtained":[{"floor":7,"key":"BlessingOfTheForge"},{"floor":8,"key":"Strength Potion"},{"floor":16,"key":"Dexterity Potion"}],"is_trial":false,"path_per_floor":["M","M","M","?","?","R","E","M","T","R","E","$","R","?","R","B",null,"M","?","M","?","M"],"character_chosen":"DEFECT","items_purchased":["Lantern"],"campfire_rested":2,"item_purchase_floors":[12],"current_hp_per_floor":[61,57,53,35,35,35,13,13,13,45,22,22,54,54,54,43,54,42,21,4,4,0],"gold":104,"neow_bonus":"RANDOM_COLORLESS_2","is_prod":false,"is_daily":false,"chose_seed":false,"campfire_upgraded":2,"win_rate":0,"timestamp":1619839634,"path_taken":["M","M","M","?","?","R","E","M","T","R","E","?","R","?","R","BOSS","M","?","M","?","M"],"build_version":"2020-12-22","purchased_purges":0,"victory":false,"max_hp_per_floor":[64,64,64,64,58,58,58,58,58,58,58,58,58,58,58,58,58,58,58,58,58,58],"card_choices":[{"not_picked":["Chrysalis","Magnetism"],"picked":"The Bomb","floor":0},{"not_picked":["Undo","Scrape"],"picked":"Go for the Eyes","floor":1},{"not_picked":["Steam Power","Force Field"],"picked":"Leap","floor":2},{"not_picked":["Aggregate","Redo"],"picked":"Coolheaded","floor":3},{"not_picked":["Rip and Tear","Lockon"],"picked":"Conserve Battery","floor":7},{"not_picked":["Hologram","Barrage"],"picked":"Sunder","floor":8},{"not_picked":["Thunder Strike","Go for the Eyes"],"picked":"Loop","floor":11},{"not_picked":["Thunder Strike","Creative AI"],"picked":"Core Surge","floor":16},{"not_picked":["Rebound","Conserve Battery","Turbo"],"picked":"SKIP","floor":18},{"not_picked":["Aggregate","Skim"],"picked":"Turbo+1","floor":20}],"player_experience":332597,"relics_obtained":[{"floor":7,"key":"Mummified Hand"},{"floor":9,"key":"Regal Pillow"},{"floor":11,"key":"Orichalcum"},{"floor":19,"key":"Necronomicon"}],"event_choices":[{"damage_healed":0,"gold_gain":0,"player_choice":"Success","damage_taken":18,"relics_obtained":["Bag of Marbles"],"max_hp_gain":0,"max_hp_loss":0,"event_name":"Scrap Ooze","floor":4,"gold_loss":0},{"damage_healed":0,"gold_gain":0,"player_choice":"Lose Max HP","damage_taken":0,"relics_obtained":["Golden Idol"],"max_hp_gain":0,"max_hp_loss":6,"event_name":"Golden Idol","floor":5,"gold_loss":0},{"cards_removed":["Strike_B"],"damage_healed":0,"gold_gain":0,"player_choice":"Offered Basic","damage_taken":0,"max_hp_gain":0,"max_hp_loss":0,"event_name":"Bonfire Elementals","floor":14,"gold_loss":0},{"damage_healed":0,"gold_gain":0,"player_choice":"Obtained Book","damage_taken":21,"max_hp_gain":0,"max_hp_loss":0,"event_name":"Cursed Tome","floor":19,"gold_loss":0},{"damage_healed":0,"gold_gain":0,"player_choice":"Obtained Relic","damage_taken":0,"relics_obtained":["Centennial Puzzle"],"max_hp_gain":0,"max_hp_loss":0,"event_name":"Addict","floor":21,"gold_loss":85}],"is_beta":false,"boss_relics":[{"not_picked":["SacredBark","Busted Crown"],"picked":"SlaversCollar"}],"items_purged_floors":[],"is_endless":false,"potions_floor_spawned":[7,8,11,16,20],"killed_by":"Snecko","ascension_level":17}