{"gold_per_floor":[112,187,187,187,112,153,153,193,193,193,228,228,252,252,252,346,346,346,15,15,15,15,15,0,0,0,0,0,0,0,0],"floor_reached":31,"playtime":1713,"items_purged":["Defend_B"],"score":660,"play_id":"abe20668-859c-4dca-beec-74ca7c84c77a","local_time":"20210425141059","is_ascension_mode":true,"campfire_choices":[{"data":"Zap","floor":7,"key":"SMITH"},{"floor":12,"key":"REST"},{"data":"Biased Cognition","floor":15,"key":"SMITH"}],"neow_cost":"NONE","seed_source_timestamp":11718817888300,"circlet_count":0,"master_deck":["AscendersBane","Strike_B+1","Strike_B","Defend_B","Defend_B","Zap+1","Dualcast+1","Ball Lightning","Biased Cognition+1","Capacitor","Fission","Coolheaded+1","Self Repair","Defragment","Storm+1","Lockon","Creative AI","Genetic Algorithm"],"relics":["Cracked Core","NeowsBlessing","Golden Idol","Gremlin Horn","Eternal Feather","Bag of Preparation","Vajra","PreservedInsect","Ectoplasm","Anchor","Pen Nib","Pear","Shuriken","Question Card","GremlinMask"],"potions_floor_usage":[11,16,18,18,23,23,30],"damage_taken":[{"damage":0,"enemies":"Jaw Worm","floor":1,"turns":1},{"damage":0,"enemies":"Gremlin Nob","floor":6,"turns":1},{"damage":0,"enemies":"Lagavulin","floor":8,"turns":1},{"damage":5,"enemies":"3 Sentries","floor":11,"turns":4},{"damage":0,"enemies":"2 Louse","floor":13,"turns":1},{"damage":15,"enemies":"Slime Boss","floor":16,"turns":7},{"damage":7,"enemies":"Shell Parasite","floor":18,"turns":3},{"damage":0,"enemies":"Spheric Guardian","floor":21,"turns":3},{"damage":11,"enemies":"Cultist and Chosen","floor":22,"turns":5},{"damage":5,"enemies":"Gremlin Leader","floor":23,"turns":4},{"damage":29,"enemies":"Slavers","floor":25,"turns":3},{"damage":25,"enemies":"Gremlin Leader","floor":27,"turns":4},{"damage":0,"enemies":"3 Cultists","floor":30,"turns":3},{"damage":30,"enemies":"Slavers","floor":31,"turns":2}],"seed_played":"9214122744465657031","potions_obtained":[{"floor":6,"key":"DistilledChaos"},{"floor":11,"key":"Explosive Potion"},{"floor":16,"key":"EntropicBrew"},{"floor":22,"key":"Weak Potion"},{"floor":27,"key":"SkillPotion"}],"is_trial":false,"path_per_floor":["M","?","?","?","?","E","R","E","T","?","E","R","M","?","R","B",null,"M","$","?","M","M","E","?","E","T","E","?","?","M","E"],"character_chosen":"DEFECT","items_purchased":["Anchor","Self Repair"],"campfire_rested":1,"item_purchase_floors":[19,19],"current_hp_per_floor":[64,53,53,46,46,46,46,46,46,27,22,47,47,42,48,33,56,49,49,49,56,52,54,54,35,35,17,17,17,24,0],"gold":0,"neow_bonus":"THREE_ENEMY_KILL","is_prod":false,"is_daily":false,"chose_seed":false,"campfire_upgraded":2,"win_rate":0,"timestamp":1619377859,"path_taken":["M","?","?","?","?","E","R","E","T","?","E","R","M","?","R","BOSS","M","$","?","M","M","E","?","E","T","E","?","?","?","E"],"build_version":"2020-12-22","purchased_purges":1,"victory":false,"max_hp_per_floor":[71,71,64,64,64,64,64,64,64,64,64,64,64,64,64,64,64,64,64,64,64,64,64,64,74,74,74,74,74,74,74],"card_choices":[{"not_picked":["Cold Snap","Conserve Battery"],"picked":"Ball Lightning","floor":1},{"not_picked":["Rebound","Gash"],"picked":"Biased Cognition","floor":6},{"not_picked":["Rebound","Sweeping Beam","Double Energy"],"picked":"SKIP","floor":8},{"not_picked":["Turbo","Reboot"],"picked":"Capacitor","floor":11},{"not_picked":["Turbo","Storm","Compile Driver"],"picked":"SKIP","floor":13},{"not_picked":["Creative AI","Hyperbeam"],"picked":"Fission","floor":16},{"not_picked":["Go for the Eyes","Compile Driver+1"],"picked":"Coolheaded+1","floor":18},{"not_picked":["Storm","Barrage"],"picked":"Defragment","floor":21},{"not_picked":["Rebound","Barrage"],"picked":"Storm+1","floor":22},{"not_picked":["Stack","Redo"],"picked":"Lockon","floor":23},{"not_picked":["Steam Power","White Noise"],"picked":"Creative AI","floor":25},{"not_picked":["Redo","Conserve Battery","Storm"],"picked":"SKIP","floor":27},{"not_picked":["Scrape","Reprogram","Capacitor"],"picked":"Genetic Algorithm","floor":30}],"player_experience":327522,"relics_obtained":[{"floor":6,"key":"Gremlin Horn"},{"floor":8,"key":"Eternal Feather"},{"floor":9,"key":"Bag of Preparation"},{"floor":11,"key":"Vajra"},{"floor":23,"key":"Pen Nib"},{"floor":25,"key":"Pear"},{"floor":26,"key":"Shuriken"},{"floor":27,"key":"Question Card"}],"event_choices":[{"damage_healed":0,"gold_gain":75,"player_choice":"Gather Gold","damage_taken":11,"max_hp_gain":0,"max_hp_loss":0,"event_name":"World of Goop","floor":2,"gold_loss":0},{"damage_healed":0,"gold_gain":0,"player_choice":"Lose Max HP","damage_taken":0,"relics_obtained":["Golden Idol"],"max_hp_gain":0,"max_hp_loss":7,"event_name":"Golden Idol","floor":3,"gold_loss":0},{"cards_removed":["Strike_B"],"damage_healed":0,"gold_gain":0,"player_choice":"Card Removal","damage_taken":7,"max_hp_gain":0,"max_hp_loss":0,"event_name":"Golden Wing","floor":4,"gold_loss":0},{"cards_removed":["Strike_B"],"damage_healed":0,"gold_gain":0,"player_choice":"Card Removal","damage_taken":0,"max_hp_gain":0,"max_hp_loss":0,"event_name":"The Cleric","floor":5,"gold_loss":75},{"damage_healed":0,"gold_gain":0,"player_choice":"Entered Light","damage_taken":19,"max_hp_gain":0,"max_hp_loss":0,"event_name":"Shining Light","floor":10,"gold_loss":0,"cards_upgraded":["Strike_B","Dualcast"]},{"damage_healed":0,"gold_gain":0,"player_choice":"Success","damage_taken":5,"relics_obtained":["PreservedInsect"],"max_hp_gain":0,"max_hp_loss":0,"event_name":"Scrap Ooze","floor":14,"gold_loss":0},{"damage_healed":0,"gold_gain":0,"player_choice":"Paid Fearfully","damage_taken":0,"max_hp_gain":0,"max_hp_loss":0,"event_name":"Masked Bandits","floor":24,"gold_loss":15},{"cards_removed":["Defend_B"],"damage_healed":0,"gold_gain":0,"player_choice":"Elegance","damage_taken":0,"max_hp_gain":0,"max_hp_loss":0,"event_name":"Back to Basics","floor":28,"gold_loss":0},{"damage_healed":0,"gold_gain":0,"player_choice":"Trade","damage_taken":0,"relics_obtained":["GremlinMask"],"max_hp_gain":0,"max_hp_loss":0,"event_name":"FaceTrader","floor":29,"gold_loss":0}],"is_beta":false,"boss_relics":[{"not_picked":["Calling Bell","Sozu"],"picked":"Ectoplasm"}],"items_purged_floors":[19],"is_endless":false,"potions_floor_spawned":[6,11,16,22,27],"killed_by":"Slavers","ascension_level":17}