{"gold_per_floor":[118,136,146,165,179,179,199,199,199,230,230,243,275,287,299,311],"floor_reached":16,"playtime":865,"items_purged":[],"score":211,"play_id":"63254099-d59b-4170-bdd2-8b498f06ad39","local_time":"20210429170247","is_ascension_mode":true,"campfire_choices":[{"data":"Redo","floor":6.0,"key":"SMITH"},{"floor":8.0,"key":"REST"},{"floor":11.0,"key":"REST"},{"floor":15.0,"key":"REST"}],"neow_cost":"NONE","seed_source_timestamp":108763436800,"circlet_count":0,"master_deck":["AscendersBane","Strike_B","Strike_B","Strike_B","Strike_B","Defend_B","Defend_B","Defend_B","Defend_B","Zap","Dualcast","Capacitor","Genetic Algorithm","Streamline","Redo+1","Cold Snap","Machine Learning","Beam Cell","Compile Driver","Self Repair","Cold Snap"],"special_seed":0,"relics":["Nuclear Battery","Dream Catcher","Turnip","MawBank"],"potions_floor_usage":[16],"damage_taken":[{"damage":6.0,"enemies":"Cultist","floor":1.0,"turns":4.0},{"damage":1.0,"enemies":"2 Louse","floor":2.0,"turns":4.0},{"damage":5.0,"enemies":"Jaw Worm","floor":3.0,"turns":4.0},{"damage":9.0,"enemies":"2 Fungi Beasts","floor":4.0,"turns":4.0},{"damage":7.0,"enemies":"Looter","floor":5.0,"turns":4.0},{"damage":9.0,"enemies":"Blue Slaver","floor":7.0,"turns":4.0},{"damage":36.0,"enemies":"Lagavulin","floor":10.0,"turns":10.0},{"damage":8.0,"enemies":"2 Fungi Beasts","floor":12.0,"turns":4.0},{"damage":20.0,"enemies":"3 Sentries","floor":13.0,"turns":8.0},{"damage":27,"enemies":"Hexaghost","floor":16,"turns":7}],"seed_played":"9012858578026191174","potions_obtained":[{"floor":1.0,"key":"GamblersBrew"},{"floor":2.0,"key":"BlessingOfTheForge"},{"floor":10.0,"key":"BlessingOfTheForge"},{"floor":13.0,"key":"Strength Potion"}],"is_trial":false,"path_per_floor":["M","M","M","M","M","R","M","R","T","E","R","M","E","?","R","B"],"character_chosen":"DEFECT","items_purchased":[],"campfire_rested":3,"item_purchase_floors":[],"current_hp_per_floor":[58,57,52,43,36,36,27,48,48,12,33,25,5,5,26,0],"gold":311,"neow_bonus":"BOSS_RELIC","is_prod":false,"is_daily":false,"chose_seed":false,"campfire_upgraded":1,"win_rate":0,"timestamp":1619733767,"path_taken":["M","M","?","M","M","R","M","R","T","E","R","M","E","?","R","BOSS"],"build_version":"2020-12-22","purchased_purges":0,"victory":false,"max_hp_per_floor":[71,71,71,71,71,71,71,71,71,71,71,71,71,71,71,71],"card_choices":[{"not_picked":["Heatsinks","Glacier"],"picked":"Capacitor","floor":1.0},{"not_picked":["Redo","Steam"],"picked":"Genetic Algorithm","floor":2.0},{"not_picked":["Storm","Stack"],"picked":"Streamline","floor":3.0},{"not_picked":["Storm","Streamline"],"picked":"Redo","floor":4.0},{"not_picked":["Consume","Genetic Algorithm"],"picked":"Cold Snap","floor":5.0},{"not_picked":["Auto Shields","Double Energy","Redo"],"picked":"SKIP","floor":7.0},{"not_picked":["Steam","Steam Power"],"picked":"Machine Learning","floor":10.0},{"not_picked":["Steam","Redo"],"picked":"Beam Cell","floor":11.0},{"not_picked":["Recycle","Gash"],"picked":"Compile Driver","floor":12.0},{"not_picked":["Fission","Capacitor"],"picked":"Self Repair","floor":13.0},{"not_picked":["Conserve Battery","Force Field"],"picked":"Cold Snap","floor":15.0}],"player_experience":329235,"relics_obtained":[{"floor":9.0,"key":"Dream Catcher"},{"floor":10.0,"key":"Turnip"},{"floor":13.0,"key":"MawBank"}],"event_choices":[{"damage_healed":0.0,"max_hp_gain":0.0,"max_hp_loss":0.0,"gold_gain":0.0,"event_name":"Scrap Ooze","player_choice":"Fled","floor":14.0,"gold_loss":0.0,"damage_taken":0.0}],"is_beta":false,"boss_relics":[],"items_purged_floors":[],"is_endless":false,"potions_floor_spawned":[1,2,10,13],"killed_by":"Hexaghost","ascension_level":17}