{"gold_per_floor":[118,129,129,54,54,87,105,105,130,147,147,182,28,78,78,152,152,168,182,83,95,113,113,148,148,148,148,175,175,175,185,185,259,259,277,302,302,23,23,23,42,42,65,65,78,0,27,27],"floor_reached":48,"playtime":3007,"items_purged":["Strike_B"],"score":1029,"play_id":"789d11d6-d490-44ac-ae24-9603ffbc7cb6","local_time":"20210423232339","is_ascension_mode":true,"campfire_choices":[{"data":"Dualcast","floor":8,"key":"SMITH"},{"data":"Creative AI","floor":11,"key":"SMITH"},{"floor":15,"key":"REST"},{"floor":23,"key":"REST"},{"floor":25,"key":"REST"},{"floor":27,"key":"REST"},{"data":"Ghostly","floor":32,"key":"SMITH"},{"floor":40,"key":"REST"},{"floor":44,"key":"REST"}],"neow_cost":"NONE","seed_source_timestamp":17359350365999,"circlet_count":0,"master_deck":["AscendersBane","Strike_B+1","Strike_B+1","Defend_B","Defend_B","Defend_B","Defend_B","Zap+1","Dualcast+1","Cold Snap","Ball Lightning","Ball Lightning","Ball Lightning","Creative AI+1","Thunder Strike","Ball Lightning+1","Leap","Stack","Biased Cognition","Genetic Algorithm","Coolheaded","Beam Cell+1","Ghostly+1","Ghostly","Ghostly","Go for the Eyes","Fission+1","Glacier"],"relics":["Cracked Core","NeowsBlessing","Centennial Puzzle","Mummified Hand","Whetstone","Runic Capacitor","Nuclear Battery","Oddly Smooth Stone","Orichalcum","Ornamental Fan","Nloth\u0027s Gift","Runic Pyramid","Lizard Tail","Gremlin Horn","Red Mask","PreservedInsect"],"potions_floor_usage":[16,24,28,33,33,47],"damage_taken":[{"damage":0,"enemies":"Cultist","floor":1,"turns":1},{"damage":0,"enemies":"2 Louse","floor":2,"turns":1},{"damage":0,"enemies":"3 Sentries","floor":6,"turns":1},{"damage":0,"enemies":"Small Slimes","floor":7,"turns":2},{"damage":4,"enemies":"Exordium Thugs","floor":10,"turns":3},{"damage":16,"enemies":"Lagavulin","floor":12,"turns":5},{"damage":32,"enemies":"Hexaghost","floor":16,"turns":10},{"damage":12,"enemies":"Chosen","floor":18,"turns":3},{"damage":21,"enemies":"Shell Parasite","floor":19,"turns":3},{"damage":14,"enemies":"Centurion and Healer","floor":21,"turns":4},{"damage":1,"enemies":"Chosen and Byrds","floor":22,"turns":4},{"damage":19,"enemies":"Book of Stabbing","floor":24,"turns":4},{"damage":13,"enemies":"Gremlin Leader","floor":28,"turns":5},{"damage":9,"enemies":"Sentry and Sphere","floor":31,"turns":4},{"damage":22,"enemies":"Automaton","floor":33,"turns":9},{"damage":8,"enemies":"3 Darklings","floor":35,"turns":6},{"damage":10,"enemies":"Mind Bloom Boss Battle","floor":36,"turns":9},{"damage":7,"enemies":"Orb Walker","floor":41,"turns":2},{"damage":12,"enemies":"Maw","floor":45,"turns":8},{"damage":12,"enemies":"Nemesis","floor":47,"turns":7},{"damage":21,"enemies":"3 Darklings","floor":48,"turns":2}],"seed_played":"-1616312243095920414","potions_obtained":[{"floor":10,"key":"Swift Potion"},{"floor":12,"key":"SpeedPotion"},{"floor":19,"key":"SkillPotion"},{"floor":28,"key":"PotionOfCapacity"},{"floor":31,"key":"AttackPotion"},{"floor":45,"key":"BlessingOfTheForge"},{"floor":47,"key":"Energy Potion"}],"is_trial":false,"path_per_floor":["M","M","?","?","?","E","M","R","T","M","R","E","$","?","R","B",null,"M","M","$","M","M","R","E","R","T","R","E","?","?","M","R","B",null,"M","?","?","$","?","R","M","?","T","R","M","?","E","M"],"character_chosen":"DEFECT","items_purchased":["Runic Capacitor","Stack","Gremlin Horn"],"campfire_rested":6,"item_purchase_floors":[13,20,38],"current_hp_per_floor":[64,64,46,46,46,46,46,46,46,42,42,26,26,26,47,15,57,45,24,24,10,9,30,11,32,32,53,40,35,35,26,26,4,27,19,9,9,9,9,19,12,12,12,22,10,10,17,0],"gold":27,"neow_bonus":"THREE_ENEMY_KILL","is_prod":false,"is_daily":false,"chose_seed":false,"campfire_upgraded":3,"win_rate":0,"timestamp":1619238219,"path_taken":["M","?","?","?","?","E","?","R","T","?","R","E","$","?","R","BOSS","M","?","$","M","M","R","E","R","T","R","E","?","?","?","R","BOSS","M","?","?","$","?","R","?","?","T","R","?","?","E","M"],"build_version":"2020-12-22","purchased_purges":1,"victory":false,"max_hp_per_floor":[71,71,71,71,71,71,71,71,71,71,71,71,71,71,71,71,71,71,71,71,71,71,71,71,71,71,71,71,35,35,35,35,35,35,35,35,35,35,35,35,35,35,35,35,35,35,35,35],"card_choices":[{"not_picked":["Conserve Battery","Redo"],"picked":"Cold Snap","floor":1},{"not_picked":["White Noise","Force Field"],"picked":"Ball Lightning","floor":2},{"not_picked":["All For One","Rebound"],"picked":"Ball Lightning","floor":6},{"not_picked":["Sunder","Leap"],"picked":"Ball Lightning","floor":7},{"not_picked":["Skim","Ball Lightning"],"picked":"Creative AI","floor":10},{"not_picked":["Gash","Reinforced Body","Blizzard"],"picked":"SKIP","floor":12},{"not_picked":["Echo Form","Amplify"],"picked":"Thunder Strike","floor":16},{"not_picked":["Hologram","Conserve Battery"],"picked":"Ball Lightning+1","floor":18},{"not_picked":["Scrape+1","Darkness"],"picked":"Leap","floor":19},{"not_picked":["Barrage","Ball Lightning"],"picked":"Biased Cognition","floor":21},{"not_picked":["Melter","Rebound+1"],"picked":"Genetic Algorithm","floor":22},{"not_picked":["Turbo","Chaos"],"picked":"Coolheaded","floor":24},{"not_picked":["Rebound","Meteor Strike"],"picked":"Beam Cell+1","floor":28},{"not_picked":["Hello World","Darkness"],"picked":"Go for the Eyes","floor":31},{"not_picked":["Rainbow","Biased Cognition"],"picked":"Fission","floor":33},{"not_picked":["Loop","Gash"],"picked":"Glacier","floor":35},{"not_picked":["Auto Shields","Tempest","Rebound"],"picked":"SKIP","floor":41},{"not_picked":["Reprogram","Coolheaded","FTL"],"picked":"SKIP","floor":45},{"not_picked":["Auto Shields","Rebound","Redo+1"],"picked":"SKIP","floor":47}],"player_experience":321752,"relics_obtained":[{"floor":6,"key":"Mummified Hand"},{"floor":9,"key":"Whetstone"},{"floor":12,"key":"MawBank"},{"floor":24,"key":"Oddly Smooth Stone"},{"floor":26,"key":"Orichalcum"},{"floor":28,"key":"Ornamental Fan"},{"floor":36,"key":"Lizard Tail"},{"floor":47,"key":"PreservedInsect"}],"event_choices":[{"damage_healed":0,"gold_gain":0,"player_choice":"Success","damage_taken":18,"relics_obtained":["Centennial Puzzle"],"max_hp_gain":0,"max_hp_loss":0,"event_name":"Scrap Ooze","floor":3,"gold_loss":0},{"cards_removed":["Strike_B"],"damage_healed":0,"gold_gain":0,"player_choice":"Card Removal","damage_taken":0,"max_hp_gain":0,"max_hp_loss":0,"event_name":"The Cleric","floor":4,"gold_loss":75},{"damage_healed":0,"gold_gain":0,"player_choice":"Upgraded","damage_taken":0,"max_hp_gain":0,"max_hp_loss":0,"event_name":"Upgrade Shrine","floor":5,"gold_loss":0,"cards_upgraded":["Zap"]},{"damage_healed":0,"gold_gain":50,"player_choice":"Pray","damage_taken":0,"max_hp_gain":0,"max_hp_loss":0,"event_name":"Golden Shrine","floor":14,"gold_loss":0},{"damage_healed":0,"gold_gain":0,"player_choice":"Became a Ghost","damage_taken":0,"max_hp_gain":0,"max_hp_loss":36,"event_name":"Ghosts","floor":29,"gold_loss":0,"cards_obtained":["Ghostly","Ghostly","Ghostly"]},{"damage_healed":0,"gold_gain":0,"player_choice":"Traded Relic","damage_taken":0,"relics_obtained":["Nloth\u0027s Gift"],"max_hp_gain":0,"max_hp_loss":0,"event_name":"N\u0027loth","floor":30,"relics_lost":["MawBank"],"gold_loss":0},{"damage_healed":0,"gold_gain":0,"player_choice":"Fight","damage_taken":0,"max_hp_gain":0,"max_hp_loss":0,"event_name":"MindBloom","floor":36,"gold_loss":0},{"damage_healed":0,"gold_gain":0,"player_choice":"Memory 1","damage_taken":0,"max_hp_gain":0,"max_hp_loss":0,"event_name":"SensoryStone","floor":37,"gold_loss":0},{"damage_healed":0,"gold_gain":0,"player_choice":"Ignored","damage_taken":0,"max_hp_gain":0,"max_hp_loss":0,"event_name":"The Moai Head","floor":39,"gold_loss":0},{"damage_healed":0,"gold_gain":0,"player_choice":"Forge","damage_taken":0,"max_hp_gain":0,"max_hp_loss":0,"event_name":"Accursed Blacksmith","floor":42,"gold_loss":0,"cards_upgraded":["Fission"]},{"damage_healed":0,"gold_gain":0,"player_choice":"Paid","damage_taken":0,"relics_obtained":["Red Mask"],"max_hp_gain":0,"max_hp_loss":0,"event_name":"Tomb of Lord Red Mask","floor":46,"gold_loss":78}],"is_beta":false,"boss_relics":[{"not_picked":["Sozu","Coffee Dripper"],"picked":"Nuclear Battery"},{"not_picked":["Tiny House","Velvet Choker"],"picked":"Runic Pyramid"}],"items_purged_floors":[20],"is_endless":false,"potions_floor_spawned":[10,12,19,21,28,31,45,47],"killed_by":"3 Darklings","ascension_level":17}