{"gold_per_floor":[119,119,32,32,32,72,72,116,116,157,157,177,203,222,222,309,309,330,330,380,8,8],"floor_reached":22,"playtime":783,"items_purged":["Regret"],"score":463,"play_id":"010c0820-666e-4f68-bf1d-1f553d008fa7","local_time":"20211212211638","is_ascension_mode":true,"campfire_choices":[{"data":"Dualcast","floor":7,"key":"SMITH"},{"data":"Genetic Algorithm","floor":11,"key":"SMITH"},{"floor":15,"key":"REST"}],"neow_cost":"NONE","seed_source_timestamp":46625150869900,"circlet_count":0,"master_deck":["AscendersBane","Strike_B","Strike_B","Strike_B","Strike_B","Defend_B","Defend_B","Defend_B","Defend_B","Zap+1","Dualcast+1","Go for the Eyes","Core Surge","BootSequence","Genetic Algorithm+1","Coolheaded","BootSequence","Defragment","Self Repair","Electrodynamics","Conserve Battery"],"relics":["Cracked Core","NeowsBlessing","Kunai","CeramicFish","Bag of Marbles","Emotion Chip","The Courier","Philosopher\u0027s Stone","Gambling Chip"],"potions_floor_usage":[10,16,18,18,22],"damage_taken":[{"damage":0,"enemies":"Small Slimes","floor":1,"turns":1},{"damage":0,"enemies":"Gremlin Nob","floor":6,"turns":1},{"damage":0,"enemies":"Lagavulin","floor":8,"turns":1},{"damage":18,"enemies":"Gremlin Nob","floor":10,"turns":3},{"damage":6,"enemies":"2 Louse","floor":12,"turns":3},{"damage":3,"enemies":"Cultist","floor":13,"turns":3},{"damage":8,"enemies":"Exordium Wildlife","floor":14,"turns":3},{"damage":22,"enemies":"The Guardian","floor":16,"turns":15},{"damage":33,"enemies":"3 Byrds","floor":18,"turns":5},{"damage":22,"enemies":"Shell Parasite","floor":22,"turns":3}],"seed_played":"-1422573831109194342","potions_obtained":[{"floor":8,"key":"Fire Potion"},{"floor":10,"key":"Fire Potion"},{"floor":13,"key":"Block Potion"},{"floor":16,"key":"SkillPotion"},{"floor":18,"key":"PotionOfCapacity"}],"is_trial":false,"path_per_floor":["M","?","$","?","$","E","R","E","T","E","R","M","M","M","R","B",null,"M","?","?","$","M"],"character_chosen":"DEFECT","items_purchased":["Core Surge","Gambling Chip","Fire Potion"],"campfire_rested":1,"item_purchase_floors":[3,21,21],"current_hp_per_floor":[64,64,64,64,64,64,64,64,64,46,46,40,37,29,50,35,62,36,16,16,16,0],"gold":8,"neow_bonus":"THREE_ENEMY_KILL","is_prod":false,"is_daily":false,"chose_seed":false,"campfire_upgraded":2,"win_rate":0,"timestamp":1639365398,"path_taken":["M","?","$","?","$","E","R","E","T","E","R","M","M","M","R","BOSS","M","?","?","?","M"],"build_version":"2020-12-22","purchased_purges":1,"victory":false,"max_hp_per_floor":[71,71,71,71,71,71,71,71,71,71,71,71,71,71,71,71,71,71,76,76,76,76],"card_choices":[{"not_picked":["Rebound","Turbo"],"picked":"Go for the Eyes","floor":1},{"not_picked":["Go for the Eyes","Machine Learning"],"picked":"BootSequence","floor":6},{"not_picked":["Static Discharge","Steam Power"],"picked":"Genetic Algorithm","floor":8},{"not_picked":["Core Surge","Conserve Battery"],"picked":"Coolheaded","floor":10},{"not_picked":["Recycle","Gash"],"picked":"BootSequence","floor":12},{"not_picked":["Rebound","Beam Cell"],"picked":"Defragment","floor":13},{"not_picked":["Storm","Ball Lightning"],"picked":"Self Repair","floor":14},{"not_picked":["Amplify","Rainbow"],"picked":"Electrodynamics","floor":16},{"not_picked":["Go for the Eyes","Barrage"],"picked":"Conserve Battery","floor":18}],"player_experience":455338,"relics_obtained":[{"floor":6,"key":"CeramicFish"},{"floor":8,"key":"Bag of Marbles"},{"floor":9,"key":"Emotion Chip"},{"floor":10,"key":"The Courier"}],"event_choices":[{"damage_healed":0,"gold_gain":0,"player_choice":"Box","damage_taken":0,"relics_obtained":["Kunai"],"max_hp_gain":0,"max_hp_loss":0,"event_name":"Big Fish","floor":2,"gold_loss":0,"cards_obtained":["Regret"]},{"damage_healed":0,"gold_gain":0,"player_choice":"Upgraded","damage_taken":0,"max_hp_gain":0,"max_hp_loss":0,"event_name":"Upgrade Shrine","floor":4,"gold_loss":0,"cards_upgraded":["Zap"]},{"damage_healed":0,"gold_gain":0,"player_choice":"Shed Blood","damage_taken":25,"max_hp_gain":5,"max_hp_loss":0,"event_name":"Forgotten Altar","floor":19,"gold_loss":0},{"damage_healed":0,"gold_gain":50,"player_choice":"Stole From Cult","damage_taken":0,"max_hp_gain":0,"max_hp_loss":0,"event_name":"Nest","floor":20,"gold_loss":0}],"is_beta":false,"boss_relics":[{"not_picked":["Coffee Dripper","Empty Cage"],"picked":"Philosopher\u0027s Stone"}],"items_purged_floors":[21],"is_endless":false,"potions_floor_spawned":[8,10,13,16,18],"killed_by":"Shell Parasite","ascension_level":17}