{"gold_per_floor":[111,111,123,141,154,181,194,206,206,206,237,256,271,39,39,144,144,160,176,176,103,103,133,133,148,219,230,262,262,280,292,292,390,390,400,450,450,466,20,54,104,104,179,191,8,19,54,69,69,69],"floor_reached":51,"playtime":5945,"items_purged":["Strike_P","WaveOfTheHand"],"score":863,"play_id":"90dc9fde-db51-4e5f-bc37-de6b07ad5a4c","local_time":"20201001210812","is_ascension_mode":false,"campfire_choices":[{"data":"Vigilance","floor":10,"key":"SMITH"},{"data":"Vault","floor":15,"key":"SMITH"},{"data":"1","floor":24,"key":"LIFT"},{"data":"2","floor":29,"key":"LIFT"},{"data":"3","floor":32,"key":"LIFT"},{"data":"Ragnarok","floor":49,"key":"SMITH"}],"neow_cost":"NONE","seed_source_timestamp":7638124033800,"circlet_count":0,"master_deck":["Strike_P+1","Strike_P+1","Strike_P+1","Defend_P+1","Defend_P+1","Defend_P+1","Defend_P+1","Eruption","Vigilance+1","Consecrate","Tantrum+1","CrushJoints","FollowUp","SandsOfTime","WheelKick","Adaptation","EmptyBody","Vault+1","CutThroughFate+1","FlurryOfBlows+1","Perseverance","FearNoEvil","CutThroughFate","FlyingSleeves+1","FlurryOfBlows","BattleHymn+1","Conclude","Ragnarok+1","FlyingSleeves+1","Protect","Flash of Steel","Protect+1","Wallop+1"],"relics":["PureWater","PreservedInsect","Ginger","Torii","Bag of Marbles","Black Star","MutagenicStrength","Girya","Letter Opener","Eternal Feather","InkBottle","Whetstone","Coffee Dripper","Mango","Happy Flower","Lizard Tail","Blood Vial","Sundial","Ice Cream","Question Card","Potion Belt","Gremlin Horn"],"potions_floor_usage":[16,23,50,50],"damage_taken":[{"damage":2,"enemies":"2 Louse","floor":1,"turns":3},{"damage":0,"enemies":"Cultist","floor":3,"turns":3},{"damage":6,"enemies":"Jaw Worm","floor":4,"turns":2},{"damage":0,"enemies":"2 Fungi Beasts","floor":5,"turns":1},{"damage":16,"enemies":"Lagavulin","floor":6,"turns":6},{"damage":0,"enemies":"Large Slime","floor":7,"turns":3},{"damage":7,"enemies":"Blue Slaver","floor":8,"turns":3},{"damage":8,"enemies":"3 Sentries","floor":11,"turns":5},{"damage":0,"enemies":"Looter","floor":12,"turns":3},{"damage":9,"enemies":"2 Fungi Beasts","floor":13,"turns":3},{"damage":0,"enemies":"Slime Boss","floor":16,"turns":4},{"damage":0,"enemies":"Spheric Guardian","floor":18,"turns":2},{"damage":7,"enemies":"Shell Parasite","floor":19,"turns":3},{"damage":7,"enemies":"Slavers","floor":23,"turns":3},{"damage":0,"enemies":"Shelled Parasite and Fungi","floor":25,"turns":3},{"damage":0,"enemies":"Sentry and Sphere","floor":27,"turns":2},{"damage":0,"enemies":"Gremlin Leader","floor":28,"turns":2},{"damage":0,"enemies":"Snake Plant","floor":30,"turns":1},{"damage":1,"enemies":"Shelled Parasite and Fungi","floor":31,"turns":3},{"damage":40,"enemies":"Automaton","floor":33,"turns":6},{"damage":6,"enemies":"3 Shapes","floor":35,"turns":1},{"damage":0,"enemies":"2 Orb Walkers","floor":36,"turns":2},{"damage":1,"enemies":"3 Darklings","floor":38,"turns":3},{"damage":0,"enemies":"Reptomancer","floor":40,"turns":2},{"damage":12,"enemies":"Mind Bloom Boss Battle","floor":41,"turns":2},{"damage":1,"enemies":"Maw","floor":44,"turns":3},{"damage":0,"enemies":"Transient","floor":46,"turns":5},{"damage":0,"enemies":"Giant Head","floor":47,"turns":1},{"damage":0,"enemies":"Jaw Worm Horde","floor":48,"turns":2},{"damage":14,"enemies":"Donu and Deca","floor":50,"turns":4}],"seed_played":"588799892571240376","potions_obtained":[{"floor":1,"key":"Strength Potion"},{"floor":5,"key":"Ambrosia"},{"floor":8,"key":"Explosive Potion"},{"floor":13,"key":"Strength Potion"},{"floor":16,"key":"Fruit Juice"},{"floor":23,"key":"GamblersBrew"},{"floor":25,"key":"SteroidPotion"},{"floor":35,"key":"Energy Potion"},{"floor":47,"key":"BlessingOfTheForge"}],"is_trial":false,"path_per_floor":["M","?","M","M","M","E","M","M","T","R","E","M","M","$","R","B",null,"M","M","?","$","?","E","R","M","T","M","E","R","M","M","R","B",null,"M","?","?","M","$","E","?","?","T","M","$","M","E","M","R","B",null],"character_chosen":"WATCHER","items_purchased":["Bag of Marbles","FearNoEvil","Happy Flower","Lizard Tail","Flash of Steel"],"campfire_rested":0,"item_purchase_floors":[14,21,39,39,45],"current_hp_per_floor":[77,77,77,71,71,55,55,48,48,48,40,40,31,31,31,31,79,79,72,72,72,72,70,70,70,70,70,70,84,84,83,84,44,84,78,92,92,91,91,91,81,81,81,82,82,84,86,88,98,84],"gold":69,"neow_bonus":"TEN_PERCENT_HP_BONUS","is_prod":false,"is_daily":false,"chose_seed":false,"campfire_upgraded":3,"win_rate":0.0,"timestamp":1601604492,"path_taken":["M","?","?","M","M","E","M","M","T","R","E","M","M","$","R","BOSS","M","M","?","$","?","E","R","M","T","M","E","R","M","M","R","BOSS","M","?","?","M","$","E","?","?","T","M","?","?","E","M","R","BOSS"],"build_version":"2020-07-30","purchased_purges":2,"victory":true,"max_hp_per_floor":[79,79,79,79,79,79,79,79,79,79,79,79,79,79,79,79,79,79,79,79,79,79,84,84,84,84,84,84,84,84,84,84,84,84,84,98,98,98,98,98,98,98,98,98,98,98,98,98,98,98],"card_choices":[{"not_picked":["SandsOfTime","Protect"],"picked":"Consecrate","floor":1},{"not_picked":["Study","Fasting2"],"picked":"CrushJoints","floor":3},{"not_picked":["Indignation","EmptyBody"],"picked":"FollowUp","floor":4},{"not_picked":["Adaptation","Consecrate"],"picked":"SandsOfTime","floor":5},{"not_picked":["Halt","Evaluate"],"picked":"WheelKick","floor":6},{"not_picked":["Evaluate","CrushJoints"],"picked":"Adaptation","floor":7},{"not_picked":["Fasting2","ReachHeaven"],"picked":"EmptyBody","floor":8},{"not_picked":["Fasting2","ClearTheMind"],"picked":"Vault","floor":11},{"not_picked":["SandsOfTime","Meditate"],"picked":"CutThroughFate","floor":12},{"not_picked":["EmptyFist","JustLucky"],"picked":"WaveOfTheHand","floor":13},{"not_picked":["Halt+1","EmptyFist"],"picked":"FlurryOfBlows+1","floor":18},{"not_picked":["SashWhip","CarveReality"],"picked":"Perseverance","floor":19},{"not_picked":["Meditate","Sanctity"],"picked":"CutThroughFate","floor":23},{"not_picked":["Nirvana","FlurryOfBlows"],"picked":"FlyingSleeves+1","floor":25},{"not_picked":["Meditate","PathToVictory"],"picked":"FlurryOfBlows","floor":27},{"not_picked":["SashWhip","FlurryOfBlows"],"picked":"BattleHymn+1","floor":28},{"not_picked":["JustLucky","EmptyFist"],"picked":"Conclude","floor":30},{"not_picked":["Consecrate","InnerPeace+1","FlurryOfBlows"],"picked":"SKIP","floor":31},{"not_picked":["DevaForm","Vault"],"picked":"Ragnarok","floor":33},{"not_picked":["BowlingBash","Consecrate+1","Weave"],"picked":"SKIP","floor":35},{"not_picked":["Worship","Halt"],"picked":"FlyingSleeves+1","floor":38},{"not_picked":["LikeWater+1","CutThroughFate","ThirdEye"],"picked":"SKIP","floor":40},{"not_picked":["Indignation+1","Perseverance"],"picked":"Protect","floor":41},{"not_picked":["Halt+1","Crescendo","Consecrate","CutThroughFate"],"picked":"SKIP","floor":44},{"not_picked":["SashWhip+1","Pray","Omniscience"],"picked":"Protect+1","floor":46},{"not_picked":["Crescendo","ReachHeaven","FollowUp","Consecrate"],"picked":"SKIP","floor":47},{"not_picked":["BowlingBash","FearNoEvil+1","Consecrate+1"],"picked":"Wallop+1","floor":48}],"player_experience":28487,"relics_obtained":[{"floor":6,"key":"PreservedInsect"},{"floor":9,"key":"Ginger"},{"floor":11,"key":"Torii"},{"floor":23,"key":"Girya"},{"floor":23,"key":"Letter Opener"},{"floor":26,"key":"Eternal Feather"},{"floor":28,"key":"InkBottle"},{"floor":28,"key":"Whetstone"},{"floor":36,"key":"Mango"},{"floor":40,"key":"Blood Vial"},{"floor":40,"key":"Sundial"},{"floor":41,"key":"Ice Cream"},{"floor":43,"key":"Question Card"},{"floor":47,"key":"Potion Belt"},{"floor":47,"key":"Gremlin Horn"}],"event_choices":[{"damage_healed":0,"gold_gain":0,"player_choice":"1 cards matched","damage_taken":0,"max_hp_gain":0,"max_hp_loss":0,"event_name":"Match and Keep!","floor":2,"gold_loss":0,"cards_obtained":["Tantrum"]},{"damage_healed":0,"gold_gain":0,"player_choice":"Simplicity","damage_taken":0,"max_hp_gain":0,"max_hp_loss":0,"event_name":"Back to Basics","floor":20,"gold_loss":0,"cards_upgraded":["Strike_P","Strike_P","Strike_P","Defend_P","Defend_P","Defend_P","Defend_P"]},{"damage_healed":0,"gold_gain":0,"player_choice":"Inject Mutagens","damage_taken":0,"relics_obtained":["MutagenicStrength"],"max_hp_gain":0,"max_hp_loss":0,"event_name":"Drug Dealer","floor":22,"gold_loss":0},{"damage_healed":0,"gold_gain":0,"player_choice":"Fight","damage_taken":0,"max_hp_gain":0,"max_hp_loss":0,"event_name":"Mysterious Sphere","floor":36,"gold_loss":0},{"damage_healed":0,"gold_gain":0,"player_choice":"Ignored","damage_taken":0,"max_hp_gain":0,"max_hp_loss":0,"event_name":"Tomb of Lord Red Mask","floor":37,"gold_loss":0},{"damage_healed":0,"gold_gain":0,"player_choice":"Fight","damage_taken":0,"max_hp_gain":0,"max_hp_loss":0,"event_name":"MindBloom","floor":41,"gold_loss":0},{"damage_healed":0,"gold_gain":0,"player_choice":"Memory 1","damage_taken":0,"max_hp_gain":0,"max_hp_loss":0,"event_name":"SensoryStone","floor":42,"gold_loss":0}],"is_beta":false,"boss_relics":[{"not_picked":["Tiny House","Ectoplasm"],"picked":"Black Star"},{"not_picked":["Fusion Hammer","SacredBark"],"picked":"Coffee Dripper"}],"items_purged_floors":[14,45],"is_endless":false,"potions_floor_spawned":[1,5,8,12,13,16,23,25,27,30,33,35,36,40,44,47],"ascension_level":0}