{"gold_per_floor":[110,123,139,152,152,187,198,230,230,255,255,35,47,58,58,153,153,166,91,105,105,105,105,136,136,136,170,170,190,222,113,113,209,209,228,228,247,265,283,309,309,334,334,334,347,40,54,89,89,89,89,89,89,119,119],"floor_reached":56,"playtime":5516,"items_purged":["Defend_P+1","Defend_P+1"],"score":1709,"play_id":"f169d8f5-07db-4dad-bd32-bdd5d0ba9a95","local_time":"20210417160832","is_ascension_mode":true,"campfire_choices":[{"data":"Pain","floor":11,"key":"PURGE"},{"data":"Perseverance","floor":15,"key":"SMITH"},{"data":"Wallop","floor":23,"key":"SMITH"},{"data":"Wallop","floor":25,"key":"SMITH"},{"data":"Wallop","floor":32,"key":"SMITH"},{"floor":41,"key":"RECALL"},{"data":"WaveOfTheHand","floor":49,"key":"PURGE"},{"data":"Bite","floor":52,"key":"PURGE"}],"neow_cost":"NONE","seed_source_timestamp":16366287166800,"circlet_count":0,"master_deck":["Defend_P+1","Eruption","Vigilance","Perseverance+1","Scrawl","FearNoEvil","Perseverance+1","Wallop+1","Tantrum","CutThroughFate","Blasphemy+1","FlurryOfBlows","CutThroughFate","Bite+1","Bite+1","Bite","Bite","Wallop+1","FlurryOfBlows","Wallop+1","Vault+1","TalkToTheHand+1","FollowUp+1","FlurryOfBlows","FollowUp+1","Wallop+1"],"relics":["SlaversCollar","WarpedTongs","Oddly Smooth Stone","Omamori","Peace Pipe","Pear","Vajra","Calling Bell","Lantern","Eternal Feather","TungstenRod","Mango","Tiny Chest","Necronomicon","War Paint","Fusion Hammer","White Beast Statue","Frozen Egg 2","Whetstone","Shuriken","Centennial Puzzle","Blood Vial","Kunai"],"potions_floor_usage":[4,8,40,55,55,55],"damage_taken":[{"damage":0,"enemies":"Cultist","floor":1,"turns":3},{"damage":0,"enemies":"2 Louse","floor":2,"turns":2},{"damage":0,"enemies":"Small Slimes","floor":3,"turns":3},{"damage":0,"enemies":"Gremlin Gang","floor":4,"turns":3},{"damage":31,"enemies":"Gremlin Nob","floor":6,"turns":6},{"damage":6,"enemies":"Red Slaver","floor":7,"turns":2},{"damage":3,"enemies":"3 Sentries","floor":8,"turns":4},{"damage":9,"enemies":"Lagavulin","floor":10,"turns":4},{"damage":0,"enemies":"2 Fungi Beasts","floor":13,"turns":4},{"damage":0,"enemies":"3 Louse","floor":14,"turns":3},{"damage":0,"enemies":"Slime Boss","floor":16,"turns":6},{"damage":0,"enemies":"Spheric Guardian","floor":18,"turns":2},{"damage":0,"enemies":"3 Byrds","floor":20,"turns":3},{"damage":2,"enemies":"Book of Stabbing","floor":24,"turns":3},{"damage":0,"enemies":"Slavers","floor":27,"turns":1},{"damage":4,"enemies":"3 Cultists","floor":29,"turns":4},{"damage":0,"enemies":"Gremlin Leader","floor":30,"turns":3},{"damage":0,"enemies":"Collector","floor":33,"turns":3},{"damage":0,"enemies":"Orb Walker","floor":35,"turns":1},{"damage":0,"enemies":"3 Darklings","floor":37,"turns":3},{"damage":0,"enemies":"Spire Growth","floor":38,"turns":2},{"damage":8,"enemies":"Jaw Worm Horde","floor":39,"turns":3},{"damage":14,"enemies":"Reptomancer","floor":40,"turns":2},{"damage":0,"enemies":"Giant Head","floor":42,"turns":2},{"damage":0,"enemies":"3 Darklings","floor":45,"turns":2},{"damage":0,"enemies":"Spire Growth","floor":47,"turns":2},{"damage":0,"enemies":"Nemesis","floor":48,"turns":2},{"damage":0,"enemies":"Awakened One","floor":50,"turns":6},{"damage":0,"enemies":"Shield and Spear","floor":54,"turns":4},{"damage":26,"enemies":"The Heart","floor":55,"turns":6}],"seed_played":"-3135184809801530351","potions_obtained":[{"floor":3,"key":"Fire Potion"},{"floor":7,"key":"AttackPotion"},{"floor":10,"key":"Weak Potion"},{"floor":14,"key":"SpeedPotion"},{"floor":16,"key":"CultistPotion"},{"floor":18,"key":"PowerPotion"},{"floor":33,"key":"Swift Potion"},{"floor":42,"key":"Ambrosia"},{"floor":47,"key":"FearPotion"}],"is_trial":false,"path_per_floor":["M","M","M","M","?","E","M","E","T","E","R","$","M","M","R","B",null,"M","?","M","?","?","R","E","R","T","E","?","M","E","$","R","B",null,"M","?","M","M","M","E","R","E","T","T","M","$","M","E","R","B",null,"R","$","E","B",null],"character_chosen":"WATCHER","items_purchased":["Wallop","Vajra","Wallop","Centennial Puzzle","FlurryOfBlows"],"campfire_rested":0,"item_purchase_floors":[12,12,31,46,46],"current_hp_per_floor":[72,72,72,72,72,41,35,32,32,33,33,33,33,33,33,33,82,82,82,82,57,57,57,71,71,71,71,59,64,71,71,71,71,71,71,71,71,71,68,61,71,71,71,71,71,71,71,71,71,71,71,71,71,71,51],"gold":119,"neow_bonus":"BOSS_RELIC","is_prod":false,"is_daily":false,"chose_seed":false,"campfire_upgraded":4,"win_rate":1,"timestamp":1618693712,"path_taken":["M","M","M","M","?","E","M","E","T","E","R","$","M","M","R","BOSS","M","?","M","?","?","R","E","R","T","E","?","M","E","$","R","BOSS","M","?","M","M","?","E","R","E","T","?","M","$","M","E","R","BOSS","R","$","E","BOSS"],"build_version":"2020-12-22","purchased_purges":2,"victory":true,"max_hp_per_floor":[72,72,72,72,72,72,72,72,72,82,82,82,82,82,82,82,82,82,82,82,57,57,57,71,71,71,71,71,71,71,71,71,71,71,71,71,71,71,71,71,71,71,71,71,71,71,71,71,71,71,71,71,71,71,71],"card_choices":[{"not_picked":["PathToVictory","SignatureMove","Evaluate"],"picked":"SKIP","floor":1},{"not_picked":["Halt","Evaluate"],"picked":"Perseverance","floor":2},{"not_picked":["Evaluate","EmptyBody","Prostrate"],"picked":"SKIP","floor":3},{"not_picked":["JustLucky","Protect","Worship"],"picked":"SKIP","floor":4},{"not_picked":["DeceiveReality","Meditate"],"picked":"Scrawl","floor":6},{"not_picked":["CrushJoints","CutThroughFate"],"picked":"FearNoEvil","floor":7},{"not_picked":["Evaluate","PathToVictory","ClearTheMind"],"picked":"SKIP","floor":8},{"not_picked":["Crescendo","SashWhip"],"picked":"Perseverance","floor":10},{"not_picked":["ClearTheMind","FearNoEvil"],"picked":"Tantrum","floor":13},{"not_picked":["PathToVictory","FlurryOfBlows"],"picked":"CutThroughFate","floor":14},{"not_picked":["MasterReality","Scrawl"],"picked":"Blasphemy","floor":16},{"not_picked":["CarveReality","JustLucky"],"picked":"FlurryOfBlows","floor":18},{"not_picked":["Pray+1","ThirdEye"],"picked":"CutThroughFate","floor":20},{"not_picked":["Sanctity+1","FlyingSleeves"],"picked":"Wallop","floor":24},{"not_picked":["JustLucky+1","Collect","BattleHymn+1"],"picked":"SKIP","floor":27},{"not_picked":["BattleHymn+1","Halt"],"picked":"WaveOfTheHand","floor":29},{"not_picked":["ThirdEye","Halt"],"picked":"FlurryOfBlows","floor":30},{"not_picked":["DeusExMachina","Omniscience"],"picked":"Vault","floor":33},{"not_picked":["Fasting2","BowlingBash+1"],"picked":"TalkToTheHand+1","floor":35},{"not_picked":["SignatureMove+1","Meditate"],"picked":"FollowUp+1","floor":37},{"not_picked":["PathToVictory","Protect+1","ClearTheMind"],"picked":"SKIP","floor":38},{"not_picked":["Prostrate","FlyingSleeves","Evaluate"],"picked":"SKIP","floor":39},{"not_picked":["CarveReality+1","Protect+1","ClearTheMind"],"picked":"SKIP","floor":40},{"not_picked":["PathToVictory","WaveOfTheHand+1","Protect"],"picked":"SKIP","floor":42},{"not_picked":["FlyingSleeves","ThirdEye+1","SashWhip+1"],"picked":"SKIP","floor":45},{"not_picked":["CutThroughFate+1","Judgement"],"picked":"FollowUp+1","floor":47},{"not_picked":["Evaluate+1","SignatureMove+1"],"picked":"Wallop+1","floor":48},{"not_picked":["Study+1","FlurryOfBlows+1","DeceiveReality+1"],"picked":"SKIP","floor":54}],"player_experience":291837,"relics_obtained":[{"floor":6,"key":"Oddly Smooth Stone"},{"floor":8,"key":"Omamori"},{"floor":9,"key":"Peace Pipe"},{"floor":10,"key":"Pear"},{"floor":17,"key":"Lantern"},{"floor":17,"key":"Eternal Feather"},{"floor":17,"key":"TungstenRod"},{"floor":24,"key":"Mango"},{"floor":27,"key":"Tiny Chest"},{"floor":28,"key":"Necronomicon"},{"floor":30,"key":"War Paint"},{"floor":40,"key":"White Beast Statue"},{"floor":42,"key":"Frozen Egg 2"},{"floor":43,"key":"Whetstone"},{"floor":44,"key":"Shuriken"},{"floor":48,"key":"Blood Vial"},{"floor":54,"key":"Kunai"}],"event_choices":[{"damage_healed":0,"gold_gain":0,"player_choice":"Rummage","damage_taken":0,"relics_obtained":["WarpedTongs"],"max_hp_gain":0,"max_hp_loss":0,"event_name":"Accursed Blacksmith","floor":5,"gold_loss":0,"cards_obtained":["Pain"]},{"cards_removed":["Defend_P"],"damage_healed":0,"gold_gain":0,"player_choice":"Gave Gold","damage_taken":0,"max_hp_gain":0,"max_hp_loss":0,"event_name":"Beggar","floor":19,"gold_loss":75},{"damage_healed":0,"gold_gain":0,"player_choice":"Became a vampire","damage_taken":0,"max_hp_gain":0,"max_hp_loss":25,"event_name":"Vampires","floor":21,"gold_loss":0,"cards_obtained":["Bite","Bite","Bite","Bite","Bite"]},{"damage_healed":0,"gold_gain":0,"player_choice":"Simplicity","damage_taken":0,"max_hp_gain":0,"max_hp_loss":0,"event_name":"Back to Basics","floor":22,"gold_loss":0,"cards_upgraded":["Defend_P","Defend_P","Defend_P"]},{"damage_healed":0,"gold_gain":0,"player_choice":"Obtained Book","damage_taken":16,"max_hp_gain":0,"max_hp_loss":0,"event_name":"Cursed Tome","floor":28,"gold_loss":0},{"damage_healed":0,"gold_gain":0,"player_choice":"Upgraded","damage_taken":0,"max_hp_gain":0,"max_hp_loss":0,"event_name":"Upgrade Shrine","floor":36,"gold_loss":0,"cards_upgraded":["Vault"]}],"is_beta":false,"boss_relics":[{"not_picked":["Runic Pyramid","VioletLotus"],"picked":"Calling Bell"},{"not_picked":["SacredBark","Philosopher\u0027s Stone"],"picked":"Fusion Hammer"}],"items_purged_floors":[31,46],"is_endless":false,"potions_floor_spawned":[3,7,10,14,16,18,20,33,37,39,42,45,47,48,54],"ascension_level":1}