{"gold_per_floor":[110,128,228,242,257,257,286,14,14,43,43,70,88,103,103,204,204,215,231,242,261,261,290,303,303,303,318,337,364,378,389,389,488,488,505,525,544,559,571,606,623,623,623,248,275,275,302,302,302,302,302,302,5,30,30],"floor_reached":56,"playtime":6974,"items_purged":["Strike_P","Regret"],"score":1523,"play_id":"1ece53aa-fb8e-4660-9a1d-7d8dc49a4dd5","local_time":"20210422000301","is_ascension_mode":true,"campfire_choices":[{"data":"CrushJoints","floor":6.0,"key":"SMITH"},{"data":"LikeWater","floor":15,"key":"SMITH"},{"data":"LessonLearned","floor":25,"key":"SMITH"},{"data":"Vault","floor":32,"key":"SMITH"},{"floor":46,"key":"RECALL"},{"floor":49,"key":"REST"},{"floor":52,"key":"REST"}],"neow_cost":"NONE","seed_source_timestamp":17472824251300,"circlet_count":0,"master_deck":["Strike_P+1","Strike_P+1","Strike_P+1","Defend_P+1","Defend_P+1","Defend_P+1","Eruption+1","Vigilance+1","LikeWater+1","CrushJoints+1","Consecrate+1","SignatureMove+1","LessonLearned+1","ClearTheMind+1","CutThroughFate+1","DevaForm+1","Evaluate+1","Vault+1","Adaptation+1","Crescendo+1","WheelKick+1","FollowUp+1","CutThroughFate+1","Finesse","LikeWater+1"],"special_seed":0,"relics":["PureWater","Blood Vial","Orichalcum","Centennial Puzzle","InkBottle","Meat on the Bone","Cursed Key","Happy Flower","Molten Egg 2","Fusion Hammer","MealTicket","Oddly Smooth Stone","Frozen Egg 2","PreservedInsect","Shuriken","Gremlin Horn"],"potions_floor_usage":[18,29,29,37,55,55],"damage_taken":[{"damage":2.0,"enemies":"Jaw Worm","floor":1.0,"turns":3.0},{"damage":7.0,"enemies":"Cultist","floor":2.0,"turns":3.0},{"damage":8.0,"enemies":"Small Slimes","floor":4.0,"turns":4.0},{"damage":7.0,"enemies":"Exordium Wildlife","floor":5.0,"turns":5.0},{"damage":0.0,"enemies":"Lagavulin","floor":7.0,"turns":3.0},{"damage":19.0,"enemies":"3 Sentries","floor":10.0,"turns":6.0},{"damage":0.0,"enemies":"Lagavulin","floor":12.0,"turns":3.0},{"damage":12.0,"enemies":"3 Louse","floor":13.0,"turns":3.0},{"damage":0.0,"enemies":"Looter","floor":14.0,"turns":1.0},{"damage":12,"enemies":"Slime Boss","floor":16,"turns":9},{"damage":12,"enemies":"2 Thieves","floor":18,"turns":5},{"damage":6,"enemies":"Chosen","floor":19,"turns":5},{"damage":11,"enemies":"Centurion and Healer","floor":20,"turns":4},{"damage":23,"enemies":"Snake Plant","floor":21,"turns":6},{"damage":5,"enemies":"Book of Stabbing","floor":23,"turns":4},{"damage":0,"enemies":"Sentry and Sphere","floor":24,"turns":3},{"damage":20,"enemies":"Centurion and Healer","floor":27,"turns":4},{"damage":10,"enemies":"Snecko","floor":28,"turns":5},{"damage":0,"enemies":"Slavers","floor":29,"turns":3},{"damage":0,"enemies":"Sentry and Sphere","floor":30,"turns":3},{"damage":0,"enemies":"Cultist and Chosen","floor":31,"turns":4},{"damage":3,"enemies":"Collector","floor":33,"turns":6},{"damage":20,"enemies":"3 Shapes","floor":35,"turns":4},{"damage":19,"enemies":"3 Darklings","floor":36,"turns":4},{"damage":17,"enemies":"Jaw Worm Horde","floor":37,"turns":4},{"damage":7,"enemies":"Transient","floor":38,"turns":5},{"damage":5,"enemies":"3 Darklings","floor":39,"turns":2},{"damage":8,"enemies":"Giant Head","floor":40,"turns":5},{"damage":0,"enemies":"Writhing Mass","floor":41,"turns":2},{"damage":0,"enemies":"Reptomancer","floor":45,"turns":3},{"damage":9,"enemies":"Nemesis","floor":47,"turns":6},{"damage":34,"enemies":"Donu and Deca","floor":50,"turns":6},{"damage":1,"enemies":"Shield and Spear","floor":54,"turns":4},{"damage":67,"enemies":"The Heart","floor":55,"turns":5}],"seed_played":"6642879097951268411","potions_obtained":[{"floor":5.0,"key":"SteroidPotion"},{"floor":12.0,"key":"BlessingOfTheForge"},{"floor":13.0,"key":"SkillPotion"},{"floor":14,"key":"Block Potion"},{"floor":16,"key":"DuplicationPotion"},{"floor":18,"key":"Explosive Potion"},{"floor":20,"key":"SteroidPotion"},{"floor":27,"key":"LiquidMemories"},{"floor":28,"key":"BottledMiracle"},{"floor":29,"key":"Swift Potion"},{"floor":36,"key":"BottledMiracle"},{"floor":37,"key":"Weak Potion"},{"floor":41,"key":"AttackPotion"}],"is_trial":false,"path_per_floor":["M","M","?","M","M","R","E","$","T","E","$","E","M","M","R","B",null,"M","M","M","M","?","E","M","R","T","M","M","E","M","M","R","B",null,"M","M","M","M","M","E","M","?","T","$","E","R","E","$","R","B",null,"R","$","E","B",null],"character_chosen":"WATCHER","items_purchased":["Orichalcum","Energy Potion","Oddly Smooth Stone","Strength Potion","Finesse","Shuriken","Swift Potion"],"campfire_rested":2,"item_purchase_floors":[8,8,44,44,44,53,53],"current_hp_per_floor":[70,63,63,55,48,48,48,48,48,31,31,33,35,37,37,39,72,60,56,47,38,38,47,49,49,49,43,47,49,51,53,53,52,72,52,47,44,39,48,42,44,44,44,59,61,61,54,69,72,38,72,72,72,71,17],"gold":30,"neow_bonus":"THREE_CARDS","is_prod":false,"is_daily":false,"chose_seed":false,"campfire_upgraded":4,"win_rate":1,"timestamp":1619067781,"path_taken":["M","M","?","M","M","R","E","?","T","E","$","E","?","?","R","BOSS","M","M","M","M","?","E","M","R","T","M","M","E","M","M","R","BOSS","M","M","?","M","M","E","M","?","T","$","E","R","E","$","R","BOSS","R","$","E","BOSS"],"build_version":"2020-12-22","purchased_purges":2,"victory":true,"max_hp_per_floor":[72,72,72,72,72,72,72,72,72,72,72,72,72,72,72,72,72,72,72,72,72,72,72,72,72,72,72,72,72,72,72,72,72,72,72,72,72,72,72,72,72,72,72,72,72,72,72,72,72,72,72,72,72,72,72],"card_choices":[{"not_picked":["ForeignInfluence","Worship"],"picked":"LikeWater","floor":0.0},{"not_picked":["Prostrate","PathToVictory","Nirvana"],"picked":"SKIP","floor":1.0},{"not_picked":["Halt","Evaluate"],"picked":"CrushJoints","floor":2.0},{"not_picked":["CrushJoints","Halt"],"picked":"Consecrate","floor":4.0},{"not_picked":["Sanctity","WreathOfFlame"],"picked":"SignatureMove","floor":5.0},{"not_picked":["Prostrate","InnerPeace"],"picked":"LessonLearned","floor":7.0},{"not_picked":["FollowUp","Crescendo","Wallop"],"picked":"SKIP","floor":10.0},{"not_picked":["ForeignInfluence","EmptyFist"],"picked":"ClearTheMind","floor":12.0},{"not_picked":["Protect","Pray"],"picked":"CutThroughFate","floor":13.0},{"not_picked":["CrushJoints","Study","ForeignInfluence"],"picked":"SKIP","floor":14},{"not_picked":["Alpha","Devotion"],"picked":"DevaForm","floor":16},{"not_picked":["FlyingSleeves","FollowUp"],"picked":"Evaluate+1","floor":18},{"not_picked":["JustLucky","Protect","Halt"],"picked":"SKIP","floor":19},{"not_picked":["JustLucky","EmptyMind","FlyingSleeves"],"picked":"SKIP","floor":20},{"not_picked":["ThirdEye","Protect+1","CrushJoints"],"picked":"SKIP","floor":21},{"not_picked":["EmptyBody","CrushJoints+1","SandsOfTime"],"picked":"SKIP","floor":23},{"not_picked":["PathToVictory","CutThroughFate","EmptyMind"],"picked":"SKIP","floor":24},{"not_picked":["Evaluate","FlyingSleeves"],"picked":"Vault","floor":27},{"not_picked":["EmptyMind","Crescendo","JustLucky"],"picked":"SKIP","floor":28},{"not_picked":["TalkToTheHand","Prostrate+1"],"picked":"Adaptation+1","floor":29},{"not_picked":["Consecrate+1","Weave+1"],"picked":"Crescendo+1","floor":30},{"not_picked":["EmptyFist+1","Crescendo","FlurryOfBlows+1"],"picked":"SKIP","floor":31},{"not_picked":["Nirvana+1","Consecrate+1","FlyingSleeves+1"],"picked":"SKIP","floor":35},{"not_picked":["Collect","EmptyFist+1"],"picked":"WheelKick+1","floor":36},{"not_picked":["SashWhip+1","BattleHymn","Protect+1"],"picked":"SKIP","floor":37},{"not_picked":["CrushJoints+1","Protect+1","ClearTheMind"],"picked":"SKIP","floor":38},{"not_picked":["Study+1","PathToVictory"],"picked":"FollowUp+1","floor":39},{"not_picked":["Sanctity+1","SashWhip+1","EmptyBody+1"],"picked":"SKIP","floor":40},{"not_picked":["InnerPeace","JustLucky+1"],"picked":"CutThroughFate+1","floor":41},{"not_picked":["DevaForm+1","BowlingBash+1","DeusExMachina"],"picked":"SKIP","floor":45},{"not_picked":["CutThroughFate+1","SashWhip+1"],"picked":"LikeWater+1","floor":47},{"not_picked":["EmptyBody","JustLucky+1","Prostrate+1"],"picked":"SKIP","floor":54}],"player_experience":312485,"relics_obtained":[{"floor":7.0,"key":"Blood Vial"},{"floor":9.0,"key":"Centennial Puzzle"},{"floor":10.0,"key":"InkBottle"},{"floor":12.0,"key":"Meat on the Bone"},{"floor":23,"key":"Happy Flower"},{"floor":29,"key":"Molten Egg 2"},{"floor":40,"key":"MealTicket"},{"floor":45,"key":"Frozen Egg 2"},{"floor":47,"key":"PreservedInsect"},{"floor":54,"key":"Gremlin Horn"}],"event_choices":[{"damage_healed":0.0,"max_hp_gain":0.0,"max_hp_loss":0.0,"gold_gain":100.0,"event_name":"Golden Shrine","player_choice":"Pray","floor":3.0,"gold_loss":0.0,"damage_taken":0.0},{"cards_removed":["Defend_P"],"damage_healed":0,"gold_gain":0,"player_choice":"Offered Basic","damage_taken":0,"max_hp_gain":0,"max_hp_loss":0,"event_name":"Bonfire Elementals","floor":22,"gold_loss":0},{"damage_healed":0,"gold_gain":0,"player_choice":"Got Potions","damage_taken":0,"max_hp_gain":0,"max_hp_loss":0,"event_name":"Lab","floor":42,"gold_loss":0}],"is_beta":false,"boss_relics":[{"not_picked":["Calling Bell","Astrolabe"],"picked":"Cursed Key"},{"not_picked":["Coffee Dripper","Tiny House"],"picked":"Fusion Hammer"}],"items_purged_floors":[8,44],"is_endless":false,"potions_floor_spawned":[5,12,13,14,16,18,20,27,28,29,36,37,41,47,54],"ascension_level":2}