{"gold_per_floor":[116,116,116,133,22,22,50,50,50,50,60,60,25,59,59,160,160,172,72,84,139,152,152,180,180,180,180,213,226,226,236,236,340,340,352,375,390,390,405,438,448,463,486,519,69,94,94,94,94,94,94,94,43,78,78],"floor_reached":55,"playtime":3663,"items_purged":["Strike_P","Strike_P","Defend_P"],"score":864,"play_id":"598a8cf1-3089-466a-be43-44db2ff7a86e","local_time":"20211212105323","is_ascension_mode":true,"campfire_choices":[{"data":"Wallop","floor":6.0,"key":"SMITH"},{"floor":10.0,"key":"REST"},{"data":"Eruption","floor":12.0,"key":"SMITH"},{"floor":15.0,"key":"REST"},{"data":"Vault","floor":23.0,"key":"SMITH"},{"floor":27.0,"key":"REST"},{"data":"Devotion","floor":30.0,"key":"SMITH"},{"data":"Adaptation","floor":32.0,"key":"SMITH"},{"floor":49.0,"key":"RECALL"},{"data":"Alpha","floor":52.0,"key":"SMITH"}],"neow_cost":"NONE","seed_source_timestamp":6248067477700,"circlet_count":0,"master_deck":["Defend_P","Defend_P","Defend_P","Eruption+1","Vigilance","FlyingSleeves","Prostrate","EmptyFist","Wallop+1","FollowUp","SignatureMove","Prostrate","Vault+1","FlurryOfBlows","Adaptation+1","Indignation+1","BattleHymn+1","Devotion+1","LikeWater+1","Alpha+1","EmptyBody","Wallop","FollowUp","FollowUp+1","Halt+1","FlurryOfBlows+1","FearNoEvil+1"],"special_seed":0,"relics":["PureWater","Tiny Chest","Calipers","Shuriken","Gremlin Horn","Potion Belt","VioletLotus","Toy Ornithopter","TungstenRod","Mummified Hand","White Beast Statue","Runic Pyramid","Lantern","MealTicket","Frozen Egg 2","Damaru","Art of War","HornCleat"],"potions_floor_usage":[55,55,55],"damage_taken":[{"damage":20.0,"enemies":"Jaw Worm","floor":1.0,"turns":4.0},{"damage":0.0,"enemies":"Small Slimes","floor":4.0,"turns":2.0},{"damage":45.0,"enemies":"3 Sentries","floor":7.0,"turns":10.0},{"damage":3.0,"enemies":"2 Louse","floor":11.0,"turns":2.0},{"damage":20.0,"enemies":"Lagavulin","floor":14.0,"turns":3.0},{"damage":20.0,"enemies":"The Guardian","floor":16.0,"turns":9.0},{"damage":3.0,"enemies":"3 Byrds","floor":18.0,"turns":4.0},{"damage":7.0,"enemies":"Chosen","floor":20.0,"turns":4.0},{"damage":35.0,"enemies":"Snake Plant","floor":22.0,"turns":3.0},{"damage":21.0,"enemies":"Slavers","floor":24.0,"turns":4.0},{"damage":33.0,"enemies":"Gremlin Leader","floor":28.0,"turns":2.0},{"damage":16.0,"enemies":"Centurion and Healer","floor":29.0,"turns":3.0},{"damage":0.0,"enemies":"Sentry and Sphere","floor":31.0,"turns":3.0},{"damage":14.0,"enemies":"Collector","floor":33.0,"turns":7.0},{"damage":0.0,"enemies":"3 Shapes","floor":35.0,"turns":3.0},{"damage":15.0,"enemies":"3 Darklings","floor":37.0,"turns":4.0},{"damage":7.0,"enemies":"Maw","floor":39.0,"turns":6.0},{"damage":3.0,"enemies":"Giant Head","floor":40.0,"turns":7.0},{"damage":13.0,"enemies":"Sphere and 2 Shapes","floor":41.0,"turns":5.0},{"damage":8.0,"enemies":"4 Shapes","floor":42.0,"turns":5.0},{"damage":25.0,"enemies":"Nemesis","floor":44.0,"turns":6.0},{"damage":31.0,"enemies":"Reptomancer","floor":46.0,"turns":5.0},{"damage":54.0,"enemies":"Time Eater","floor":50.0,"turns":7.0},{"damage":85.0,"enemies":"Shield and Spear","floor":54.0,"turns":5.0},{"damage":36,"enemies":"The Heart","floor":55,"turns":2}],"seed_played":"-4914033944526160847","potions_obtained":[{"floor":1.0,"key":"DuplicationPotion"},{"floor":7.0,"key":"ColorlessPotion"},{"floor":14.0,"key":"FairyPotion"},{"floor":16.0,"key":"Block Potion"},{"floor":20.0,"key":"FearPotion"},{"floor":22.0,"key":"EssenceOfSteel"},{"floor":28.0,"key":"BottledMiracle"},{"floor":29.0,"key":"Swift Potion"},{"floor":31.0,"key":"Fire Potion"},{"floor":33.0,"key":"Regen Potion"},{"floor":35.0,"key":"SneckoOil"},{"floor":37.0,"key":"Ancient Potion"},{"floor":39.0,"key":"ColorlessPotion"},{"floor":40.0,"key":"ColorlessPotion"},{"floor":41.0,"key":"Swift Potion"},{"floor":42.0,"key":"SkillPotion"},{"floor":44.0,"key":"Ambrosia"},{"floor":46.0,"key":"Regen Potion"},{"floor":54.0,"key":"LiquidMemories"}],"is_trial":false,"path_per_floor":["M","?","?","M","$","R","E","?","T","R","M","R","$","E","R","B",null,"M","$","M","T","M","R","E","?","T","R","E","M","R","M","R","B",null,"M","T","M","?","M","E","M","M","T","E","$","E","$","?","R","B",null,"R","$","E","B"],"character_chosen":"WATCHER","items_purchased":["Wallop","SignatureMove","Damaru","LiquidBronze","EntropicBrew","Strength Potion"],"campfire_rested":3,"item_purchase_floors":[5,13,45,45,45,53],"current_hp_per_floor":[52,57,57,57,57,57,12,12,12,35,32,32,32,12,35,15,77,74,74,67,67,32,32,21,21,21,44,16,23,23,28,28,14,77,77,77,62,62,72,77,64,56,56,36,51,20,35,35,35,26,73,73,73,13,0],"gold":78,"neow_bonus":"RANDOM_COMMON_RELIC","is_prod":false,"is_daily":false,"chose_seed":false,"campfire_upgraded":6,"win_rate":0,"timestamp":1639328003,"path_taken":["M","?","?","M","$","R","E","?","T","R","M","R","$","E","R","BOSS","M","$","M","?","?","R","E","?","T","R","E","?","R","M","R","BOSS","M","?","M","?","M","E","M","?","T","E","$","E","$","?","R","BOSS","R","$","E","BOSS"],"build_version":"2020-12-22","purchased_purges":3,"victory":false,"max_hp_per_floor":[72,77,77,77,77,77,77,77,77,77,77,77,77,77,77,77,77,77,77,77,77,77,77,77,77,77,77,77,77,77,77,77,77,77,77,77,77,77,77,77,77,77,77,77,77,77,77,73,73,73,73,73,73,73,73],"card_choices":[{"not_picked":["CutThroughFate","EmptyBody"],"picked":"FlyingSleeves","floor":1.0},{"not_picked":["Consecrate","SashWhip"],"picked":"EmptyFist","floor":4.0},{"not_picked":["Wireheading","MasterReality","Evaluate"],"picked":"SKIP","floor":7.0},{"not_picked":["Consecrate","ForeignInfluence"],"picked":"FollowUp","floor":11.0},{"not_picked":["JustLucky","Consecrate"],"picked":"Prostrate","floor":14.0},{"not_picked":["DeusExMachina","Judgement"],"picked":"Vault","floor":16.0},{"not_picked":["ThirdEye","WaveOfTheHand"],"picked":"FlurryOfBlows","floor":18.0},{"not_picked":["FollowUp","WheelKick"],"picked":"Adaptation","floor":20.0},{"not_picked":["Nirvana","SashWhip","Evaluate"],"picked":"SKIP","floor":22.0},{"not_picked":["Swivel","FlurryOfBlows"],"picked":"Indignation+1","floor":24.0},{"not_picked":["ThirdEye","FlyingSleeves+1"],"picked":"BattleHymn+1","floor":28.0},{"not_picked":["ClearTheMind+1","CutThroughFate"],"picked":"Devotion","floor":29.0},{"not_picked":["JustLucky","EmptyBody+1"],"picked":"LikeWater+1","floor":31.0},{"not_picked":["Establishment","Omniscience"],"picked":"Alpha","floor":33.0},{"not_picked":["ThirdEye+1","CrushJoints"],"picked":"EmptyBody","floor":35.0},{"not_picked":["Fasting2+1","JustLucky","CutThroughFate"],"picked":"SKIP","floor":37.0},{"not_picked":["Consecrate+1","Weave"],"picked":"Wallop","floor":39.0},{"not_picked":["Tantrum+1","Wish"],"picked":"FollowUp","floor":40.0},{"not_picked":["CutThroughFate","SashWhip"],"picked":"FollowUp+1","floor":41.0},{"not_picked":["SignatureMove+1","ThirdEye+1","CarveReality+1"],"picked":"SKIP","floor":42.0},{"not_picked":["Collect","SandsOfTime"],"picked":"Halt+1","floor":44.0},{"not_picked":["Consecrate","CarveReality+1"],"picked":"FlurryOfBlows+1","floor":46.0},{"not_picked":["ThirdEye+1","JustLucky"],"picked":"FearNoEvil+1","floor":54.0}],"player_experience":445255,"relics_obtained":[{"floor":7.0,"key":"Calipers"},{"floor":9.0,"key":"Gremlin Horn"},{"floor":14.0,"key":"Potion Belt"},{"floor":21.0,"key":"Toy Ornithopter"},{"floor":24.0,"key":"TungstenRod"},{"floor":26.0,"key":"Mummified Hand"},{"floor":28.0,"key":"White Beast Statue"},{"floor":40.0,"key":"Lantern"},{"floor":43.0,"key":"MealTicket"},{"floor":44.0,"key":"Frozen Egg 2"},{"floor":46.0,"key":"Art of War"},{"floor":54.0,"key":"HornCleat"}],"event_choices":[{"damage_healed":0.0,"max_hp_gain":5.0,"max_hp_loss":0.0,"gold_gain":0.0,"event_name":"Big Fish","player_choice":"Donut","floor":2.0,"gold_loss":0.0,"damage_taken":0.0},{"damage_healed":0.0,"max_hp_gain":0.0,"max_hp_loss":0.0,"gold_gain":0.0,"cards_transformed":["Strike_P"],"event_name":"Living Wall","player_choice":"Change","floor":3.0,"gold_loss":0.0,"damage_taken":0.0,"cards_obtained":["Prostrate"]},{"damage_healed":0.0,"max_hp_gain":0.0,"max_hp_loss":0.0,"gold_gain":0.0,"event_name":"Dead Adventurer","player_choice":"Searched \u00272\u0027 times","floor":8.0,"gold_loss":0.0,"damage_taken":0.0,"relics_obtained":["Shuriken"]},{"cards_removed":["Strike_P"],"damage_healed":0.0,"max_hp_gain":0.0,"max_hp_loss":0.0,"gold_gain":0.0,"event_name":"Bonfire Elementals","player_choice":"Offered Basic","floor":25.0,"gold_loss":0.0,"damage_taken":0.0},{"damage_healed":0.0,"max_hp_gain":0.0,"max_hp_loss":0.0,"gold_gain":0.0,"event_name":"Tomb of Lord Red Mask","player_choice":"Ignored","floor":38.0,"gold_loss":0.0,"damage_taken":0.0},{"damage_healed":0.0,"max_hp_gain":0.0,"max_hp_loss":4.0,"gold_gain":0.0,"event_name":"Winding Halls","player_choice":"Max HP","floor":48.0,"gold_loss":0.0,"damage_taken":0.0}],"is_beta":false,"boss_relics":[{"not_picked":["Busted Crown","Tiny House"],"picked":"VioletLotus"},{"not_picked":["Philosopher\u0027s Stone","Empty Cage"],"picked":"Runic Pyramid"}],"items_purged_floors":[5,19,45],"is_endless":false,"potions_floor_spawned":[1,7,14,16,20,22,28,29,31,33,35,37,39,40,41,42,44,46,54],"killed_by":"The Heart","ascension_level":3}