{"gold_per_floor":[210,210,38,49,59,59,59,85,85,98,98,116,133,151,151,247,247,259,87,106,125,145,145,171,191,216,216,228,228,103,153,153,153],"floor_reached":33,"playtime":2455,"items_purged":["Strike_P","Defend_P","Strike_P"],"score":355,"play_id":"646d10f6-e847-4cdd-939c-998b7e5f1eb9","local_time":"20211212151909","is_ascension_mode":true,"campfire_choices":[{"data":"CrushJoints","floor":11.0,"key":"SMITH"},{"data":"ClearTheMind","floor":15,"key":"SMITH"},{"floor":23,"key":"REST"},{"floor":29,"key":"REST"},{"floor":32,"key":"REST"}],"neow_cost":"NONE","seed_source_timestamp":23407177448500,"circlet_count":0,"master_deck":["Strike_P","Strike_P","Defend_P","Defend_P","Defend_P","Eruption+1","Vigilance","WheelKick","CutThroughFate+1","Weave","CrushJoints+1","EmptyFist","JustLucky","Adaptation+1","Study+1","JustLucky","ClearTheMind+1","Judgement","ThirdEye","LikeWater+1","Consecrate","Wireheading+1","Indignation","ThirdEye","Normality","Halt","Parasite"],"special_seed":0,"relics":["PureWater","Frozen Egg 2","Turnip","Sundial","Cursed Key","FossilizedHelix","Art of War","SsserpentHead","Mummified Hand"],"potions_floor_usage":[16,16,24,24,25,33],"damage_taken":[{"damage":0.0,"enemies":"Cultist","floor":1.0,"turns":2.0},{"damage":0.0,"enemies":"Jaw Worm","floor":4.0,"turns":1.0},{"damage":0.0,"enemies":"2 Louse","floor":5.0,"turns":2.0},{"damage":0.0,"enemies":"Lagavulin","floor":8.0,"turns":4.0},{"damage":0.0,"enemies":"Lots of Slimes","floor":10.0,"turns":2.0},{"damage":6.0,"enemies":"Looter","floor":12.0,"turns":2.0},{"damage":6.0,"enemies":"Exordium Thugs","floor":13.0,"turns":3.0},{"damage":4,"enemies":"Exordium Wildlife","floor":14,"turns":3},{"damage":15,"enemies":"The Guardian","floor":16,"turns":7},{"damage":20,"enemies":"Chosen","floor":18,"turns":5},{"damage":0,"enemies":"Spheric Guardian","floor":20,"turns":1},{"damage":17,"enemies":"Snake Plant","floor":21,"turns":3},{"damage":13,"enemies":"Shelled Parasite and Fungi","floor":22,"turns":2},{"damage":29,"enemies":"Slavers","floor":24,"turns":5},{"damage":6,"enemies":"Cultist and Chosen","floor":25,"turns":6},{"damage":6,"enemies":"Chosen and Byrds","floor":28,"turns":3},{"damage":132,"enemies":"Automaton","floor":33,"turns":6}],"seed_played":"4501027099786338130","potions_obtained":[{"floor":4.0,"key":"DistilledChaos"},{"floor":8.0,"key":"Weak Potion"},{"floor":10.0,"key":"PowerPotion"},{"floor":14,"key":"Fire Potion"},{"floor":21,"key":"BlessingOfTheForge"},{"floor":24,"key":"Block Potion"}],"is_trial":false,"path_per_floor":["M","?","$","M","M","?","?","E","T","M","R","M","M","M","R","B",null,"M","$","M","M","M","R","E","M","T","?","M","R","$","T","R","B"],"character_chosen":"WATCHER","items_purchased":["CutThroughFate","Weave","LikeWater+1","Weak Potion"],"campfire_rested":3,"item_purchase_floors":[3,3,19,30],"current_hp_per_floor":[72,69,69,69,69,69,69,69,69,69,69,63,57,53,53,38,72,52,52,52,35,22,43,14,8,8,8,2,23,23,23,44,0],"gold":153,"neow_bonus":"HUNDRED_GOLD","is_prod":false,"is_daily":false,"chose_seed":false,"campfire_upgraded":2,"win_rate":0,"timestamp":1639343949,"path_taken":["M","?","$","M","M","?","?","E","T","M","R","M","?","M","R","BOSS","M","$","M","M","M","R","E","M","T","?","M","R","?","?","R","BOSS"],"build_version":"2020-12-22","purchased_purges":3,"victory":false,"max_hp_per_floor":[72,72,72,72,72,72,72,72,72,72,72,72,72,72,72,72,72,72,72,72,72,72,72,72,72,72,72,72,72,72,72,72,72],"card_choices":[{"not_picked":["BowlingBash","ThirdEye"],"picked":"WheelKick","floor":1.0},{"not_picked":["Evaluate","Protect"],"picked":"CrushJoints","floor":4.0},{"not_picked":["SashWhip","Collect"],"picked":"EmptyFist","floor":5.0},{"not_picked":["Crescendo","InnerPeace"],"picked":"JustLucky","floor":8.0},{"not_picked":["Tantrum","Halt"],"picked":"Adaptation+1","floor":10.0},{"not_picked":["BowlingBash","PathToVictory"],"picked":"Study+1","floor":12.0},{"not_picked":["TalkToTheHand","Prostrate"],"picked":"JustLucky","floor":13.0},{"not_picked":["FollowUp","Vengeance"],"picked":"ClearTheMind","floor":14},{"not_picked":["MasterReality+1","SpiritShield"],"picked":"Judgement","floor":16},{"not_picked":["SashWhip","Worship"],"picked":"ThirdEye","floor":18},{"not_picked":["FlurryOfBlows","ClearTheMind"],"picked":"Consecrate","floor":20},{"not_picked":["Pray","Consecrate"],"picked":"Wireheading+1","floor":21},{"not_picked":["CrushJoints+1","Meditate+1","Ragnarok"],"picked":"SKIP","floor":22},{"not_picked":["FlurryOfBlows+1","Prostrate"],"picked":"Indignation","floor":24},{"not_picked":["Protect","Evaluate+1"],"picked":"ThirdEye","floor":25},{"not_picked":["FlyingSleeves","PathToVictory"],"picked":"Halt","floor":28}],"player_experience":450596,"relics_obtained":[{"floor":8.0,"key":"Turnip"},{"floor":9.0,"key":"Sundial"},{"floor":24,"key":"FossilizedHelix"},{"floor":26,"key":"Art of War"},{"floor":31,"key":"Mummified Hand"}],"event_choices":[{"damage_healed":0.0,"max_hp_gain":0.0,"max_hp_loss":0.0,"gold_gain":0.0,"event_name":"Scrap Ooze","player_choice":"Success","floor":2.0,"gold_loss":0.0,"damage_taken":3.0,"relics_obtained":["Frozen Egg 2"]},{"damage_healed":0.0,"max_hp_gain":0.0,"max_hp_loss":0.0,"gold_gain":0.0,"event_name":"Living Wall","player_choice":"Grow","floor":6.0,"gold_loss":0.0,"damage_taken":0.0,"cards_upgraded":["CutThroughFate"]},{"damage_healed":0.0,"max_hp_gain":0.0,"max_hp_loss":0.0,"gold_gain":0.0,"event_name":"Upgrade Shrine","player_choice":"Upgraded","floor":7.0,"gold_loss":0.0,"damage_taken":0.0,"cards_upgraded":["Eruption"]},{"damage_healed":0,"gold_gain":0,"player_choice":"Trade","damage_taken":0,"relics_obtained":["SsserpentHead"],"max_hp_gain":0,"max_hp_loss":0,"event_name":"FaceTrader","floor":27,"gold_loss":0}],"is_beta":false,"boss_relics":[{"not_picked":["Empty Cage","Busted Crown"],"picked":"Cursed Key"}],"items_purged_floors":[3,19,30],"is_endless":false,"potions_floor_spawned":[4,8,10,14,21,24],"killed_by":"Automaton","ascension_level":4}