{"gold_per_floor":[116,130,10,10,60,94,109,109,109,141,151,166,185,135,135,238,238,257,257],"floor_reached":19,"playtime":1019,"items_purged":["Strike_P"],"score":245,"play_id":"5cf1093a-4b7b-4390-9f41-cc3c5cb791c4","local_time":"20211212143624","is_ascension_mode":true,"campfire_choices":[{"data":"ThirdEye","floor":8,"key":"SMITH"},{"floor":15,"key":"REST"}],"neow_cost":"NONE","seed_source_timestamp":22373736398700,"circlet_count":0,"master_deck":["Strike_P","Strike_P","Strike_P","Defend_P","Defend_P","Defend_P","Eruption+1","Vigilance","Crescendo+1","Evaluate","Consecrate","ClearTheMind","ThirdEye+1","Nirvana","CrushJoints","EmptyFist","Blasphemy","EmptyBody+1"],"relics":["PureWater","NeowsBlessing","Oddly Smooth Stone","Lantern","Bottled Lightning","Eternal Feather","Philosopher\u0027s Stone"],"potions_floor_usage":[10,18],"damage_taken":[{"damage":0,"enemies":"Cultist","floor":1,"turns":1},{"damage":0,"enemies":"Small Slimes","floor":2,"turns":1},{"damage":0,"enemies":"Lagavulin","floor":6,"turns":1},{"damage":0,"enemies":"Jaw Worm","floor":7,"turns":3},{"damage":40,"enemies":"Gremlin Nob","floor":10,"turns":5},{"damage":2,"enemies":"Looter","floor":11,"turns":3},{"damage":0,"enemies":"3 Louse","floor":12,"turns":3},{"damage":12,"enemies":"Exordium Wildlife","floor":13,"turns":3},{"damage":6,"enemies":"Slime Boss","floor":16,"turns":8},{"damage":44,"enemies":"2 Thieves","floor":18,"turns":3},{"damage":28,"enemies":"3 Byrds","floor":19,"turns":4}],"seed_played":"-7654349517286696933","potions_obtained":[{"floor":2,"key":"Dexterity Potion"},{"floor":6,"key":"StancePotion"},{"floor":10,"key":"BottledMiracle"},{"floor":11,"key":"Block Potion"}],"is_trial":false,"path_per_floor":["M","M","$","?","T","E","M","R","T","E","M","M","M","?","R","B",null,"M","M"],"character_chosen":"WATCHER","items_purchased":["Consecrate"],"campfire_rested":1,"item_purchase_floors":[3],"current_hp_per_floor":[72,72,72,58,58,58,58,58,58,18,16,16,4,4,34,28,72,28,0],"gold":257,"neow_bonus":"THREE_ENEMY_KILL","is_prod":false,"is_daily":false,"chose_seed":false,"campfire_upgraded":1,"win_rate":0,"timestamp":1639341384,"path_taken":["M","?","$","?","?","E","M","R","T","E","M","M","M","?","R","BOSS","M","M"],"build_version":"2020-12-22","purchased_purges":1,"victory":false,"max_hp_per_floor":[72,72,72,72,72,72,72,72,72,72,72,72,72,72,72,72,72,72,72],"card_choices":[{"not_picked":["FollowUp","EmptyFist"],"picked":"Crescendo","floor":1},{"not_picked":["Prostrate","ForeignInfluence"],"picked":"Evaluate","floor":2},{"not_picked":["Conclude","ThirdEye"],"picked":"ClearTheMind","floor":6},{"not_picked":["SashWhip","Collect"],"picked":"ThirdEye","floor":7},{"not_picked":["Consecrate","Collect"],"picked":"Nirvana","floor":10},{"not_picked":["Evaluate","Protect","Worship"],"picked":"SKIP","floor":11},{"not_picked":["DeceiveReality","BowlingBash"],"picked":"CrushJoints","floor":12},{"not_picked":["PathToVictory","Consecrate"],"picked":"EmptyFist","floor":13},{"not_picked":["Scrawl","Establishment"],"picked":"Blasphemy","floor":16},{"not_picked":["Crescendo","FollowUp"],"picked":"EmptyBody+1","floor":18}],"player_experience":449577,"relics_obtained":[{"floor":5,"key":"Oddly Smooth Stone"},{"floor":6,"key":"Lantern"},{"floor":9,"key":"Bottled Lightning"},{"floor":10,"key":"Eternal Feather"}],"event_choices":[{"damage_healed":0,"gold_gain":0,"player_choice":"Entered Light","damage_taken":14,"max_hp_gain":0,"max_hp_loss":0,"event_name":"Shining Light","floor":4,"gold_loss":0,"cards_upgraded":["Crescendo","Eruption"]},{"cards_removed":["Defend_P"],"damage_healed":0,"gold_gain":0,"player_choice":"Card Removal","damage_taken":0,"max_hp_gain":0,"max_hp_loss":0,"event_name":"The Cleric","floor":14,"gold_loss":50}],"is_beta":false,"boss_relics":[{"not_picked":["Runic Dome","Cursed Key"],"picked":"Philosopher\u0027s Stone"}],"items_purged_floors":[3],"is_endless":false,"potions_floor_spawned":[2,6,10,11],"killed_by":"3 Byrds","ascension_level":4}