{"gold_per_floor":[360,1,14,14,27,27,57,57,57,57,89,264,284,5,5,101,101,121,71,22,42,42,67,67,67,67,67,79,79],"floor_reached":29,"playtime":1523,"items_purged":["Regret"],"score":369,"play_id":"1dfa6e9a-1987-4923-9bbc-72f5081960eb","local_time":"20211211172725","is_ascension_mode":true,"campfire_choices":[{"data":"Eruption","floor":6,"key":"SMITH"},{"floor":8,"key":"REST"},{"data":"PathToVictory","floor":10,"key":"SMITH"},{"floor":15,"key":"REST"},{"data":"Crescendo","floor":24,"key":"SMITH"},{"data":"Wallop","floor":27,"key":"SMITH"}],"neow_cost":"CURSE","seed_source_timestamp":30076729436800,"circlet_count":0,"master_deck":["Eruption+1","Vigilance","ForeignInfluence+1","PathToVictory+1","Consecrate","DeceiveReality","CarveReality","FlurryOfBlows","Doubt","PathToVictory","Halt","ConjureBlade","Blasphemy","Blasphemy","WindmillStrike","WindmillStrike","Weave","MentalFortress","LessonLearned","Wallop+1","FlurryOfBlows","Wallop+1","Bite","Bite","Bite","Bite","Bite","Crescendo+1"],"relics":["PureWater","FossilizedHelix","Bottled Lightning","InkBottle","Sundial","Pandora\u0027s Box","Kunai","GoldenEye","Juzu Bracelet"],"potions_floor_usage":[7,11,16,23,23,29,29],"damage_taken":[{"damage":9,"enemies":"Small Slimes","floor":1,"turns":5},{"damage":9,"enemies":"Jaw Worm","floor":3,"turns":6},{"damage":0,"enemies":"Cultist","floor":5,"turns":3},{"damage":31,"enemies":"Lagavulin","floor":7,"turns":7},{"damage":22,"enemies":"Gremlin Nob","floor":11,"turns":4},{"damage":1,"enemies":"Large Slime","floor":13,"turns":5},{"damage":0,"enemies":"Slime Boss","floor":16,"turns":5},{"damage":6,"enemies":"Shell Parasite","floor":18,"turns":4},{"damage":6,"enemies":"Chosen","floor":21,"turns":3},{"damage":31,"enemies":"Book of Stabbing","floor":23,"turns":5},{"damage":22,"enemies":"Shelled Parasite and Fungi","floor":28,"turns":4},{"damage":13,"enemies":"Slavers","floor":29,"turns":2}],"seed_played":"7848964461429515161","potions_obtained":[{"floor":3,"key":"DistilledChaos"},{"floor":7,"key":"Swift Potion"},{"floor":11,"key":"Block Potion"},{"floor":16,"key":"GamblersBrew"},{"floor":21,"key":"Energy Potion"},{"floor":28,"key":"Swift Potion"}],"is_trial":false,"path_per_floor":["M","$","M","?","M","R","E","R","T","R","E","?","M","$","R","B",null,"M","?","$","M","?","E","R","T","T","R","M","E"],"character_chosen":"WATCHER","items_purchased":["FossilizedHelix","PathToVictory","Fruit Juice","Halt","Energy Potion","FlurryOfBlows"],"campfire_rested":2,"item_purchase_floors":[2,2,14,14,14,20],"current_hp_per_floor":[63,63,54,47,47,47,16,37,37,37,15,15,14,14,35,40,77,71,71,71,65,53,26,26,26,26,26,12,0],"gold":79,"neow_bonus":"TWO_FIFTY_GOLD","is_prod":false,"is_daily":false,"chose_seed":false,"campfire_upgraded":4,"win_rate":1,"timestamp":1639265245,"path_taken":["M","$","M","?","M","R","E","R","T","R","E","?","M","?","R","BOSS","M","?","?","M","?","E","R","?","T","R","M","E"],"build_version":"2020-12-22","purchased_purges":1,"victory":false,"max_hp_per_floor":[72,72,72,72,72,72,72,72,72,72,72,72,72,72,72,77,77,77,77,77,77,53,53,53,53,53,53,53,53],"card_choices":[{"not_picked":["Meditate","Protect"],"picked":"ForeignInfluence","floor":1},{"not_picked":["EmptyBody","ThirdEye"],"picked":"Consecrate","floor":3},{"not_picked":["SashWhip","Study"],"picked":"DeceiveReality","floor":5},{"not_picked":["Evaluate","SpiritShield"],"picked":"CarveReality","floor":7},{"not_picked":["BowlingBash","Omniscience"],"picked":"FlurryOfBlows","floor":11},{"not_picked":["Evaluate","FearNoEvil"],"picked":"PathToVictory","floor":13},{"not_picked":["MasterReality","Scrawl"],"picked":"ConjureBlade","floor":16},{"not_picked":["Prostrate","CarveReality"],"picked":"Wallop","floor":18},{"not_picked":["InnerPeace","Crescendo+1"],"picked":"Wallop+1","floor":21},{"not_picked":["InnerPeace+1","EmptyBody"],"picked":"Crescendo","floor":23},{"not_picked":["CarveReality","Evaluate","Protect"],"picked":"SKIP","floor":28}],"player_experience":443732,"relics_obtained":[{"floor":7,"key":"Bottled Lightning"},{"floor":9,"key":"InkBottle"},{"floor":11,"key":"Sundial"},{"floor":23,"key":"Kunai"},{"floor":25,"key":"GoldenEye"},{"floor":26,"key":"Juzu Bracelet"}],"event_choices":[{"cards_removed":["Strike_P"],"damage_healed":0,"gold_gain":0,"player_choice":"Card Removal","damage_taken":7,"max_hp_gain":0,"max_hp_loss":0,"event_name":"Golden Wing","floor":4,"gold_loss":0},{"damage_healed":0,"gold_gain":175,"player_choice":"AGREE","damage_taken":0,"max_hp_gain":0,"max_hp_loss":0,"event_name":"Liars Game","floor":12,"gold_loss":0,"cards_obtained":["Doubt"]},{"damage_healed":0,"gold_gain":0,"player_choice":"Bet on Murderer","damage_taken":0,"max_hp_gain":0,"max_hp_loss":0,"event_name":"The Joust","floor":19,"gold_loss":50},{"damage_healed":0,"gold_gain":0,"player_choice":"Became a vampire","damage_taken":0,"max_hp_gain":0,"max_hp_loss":24,"event_name":"Vampires","floor":22,"gold_loss":0,"cards_obtained":["Bite","Bite","Bite","Bite","Bite"]}],"is_beta":false,"boss_relics":[{"not_picked":["Ectoplasm","SacredBark"],"picked":"Pandora\u0027s Box"}],"items_purged_floors":[14],"is_endless":false,"potions_floor_spawned":[3,7,11,16,21,28],"killed_by":"Slavers","ascension_level":3}