{"gold_per_floor":[111,124,84,99,110,142,142,152,152,152,163,163],"floor_reached":12,"playtime":656,"items_purged":[],"score":98,"play_id":"19ebf66d-c36c-4113-89f6-a2b408164622","local_time":"20211212141835","is_ascension_mode":true,"campfire_choices":[{"data":"Eruption","floor":7,"key":"SMITH"}],"neow_cost":"PERCENT_DAMAGE","seed_source_timestamp":21668444165200,"circlet_count":0,"master_deck":["Strike_P","Strike_P","Strike_P","Defend_P","Defend_P","Defend_P","Defend_P","Eruption+1","Vigilance","Devotion","FlurryOfBlows","SandsOfTime","EmptyBody","EmptyFist","ThirdEye","FearNoEvil"],"relics":["PureWater","Bag of Marbles","InkBottle"],"potions_floor_usage":[6,11],"damage_taken":[{"damage":3,"enemies":"2 Louse","floor":1,"turns":3},{"damage":0,"enemies":"Cultist","floor":2,"turns":2},{"damage":2,"enemies":"Small Slimes","floor":4,"turns":3},{"damage":1,"enemies":"Exordium Wildlife","floor":5,"turns":3},{"damage":7,"enemies":"Lagavulin","floor":6,"turns":5},{"damage":7,"enemies":"Large Slime","floor":8,"turns":3},{"damage":1,"enemies":"Lots of Slimes","floor":11,"turns":4},{"damage":33,"enemies":"Gremlin Nob","floor":12,"turns":3}],"seed_played":"2169259980426867017","potions_obtained":[{"floor":3,"key":"Energy Potion"},{"floor":3,"key":"AttackPotion"},{"floor":3,"key":"SneckoOil"},{"floor":4,"key":"LiquidBronze"},{"floor":8,"key":"BottledMiracle"}],"is_trial":false,"path_per_floor":["M","M","?","M","M","E","R","M","T","?","M","E"],"character_chosen":"WATCHER","items_purchased":[],"campfire_rested":0,"item_purchase_floors":[],"current_hp_per_floor":[48,48,48,46,45,38,38,31,31,31,30,0],"gold":163,"neow_bonus":"THREE_RARE_CARDS","is_prod":false,"is_daily":false,"chose_seed":false,"campfire_upgraded":1,"win_rate":0,"timestamp":1639340315,"path_taken":["M","M","?","M","M","E","R","?","T","?","M","E"],"build_version":"2020-12-22","purchased_purges":0,"victory":false,"max_hp_per_floor":[72,72,72,72,72,72,72,72,72,72,72,72],"card_choices":[{"not_picked":["Alpha","ConjureBlade"],"picked":"Devotion","floor":0},{"not_picked":["Fasting2","PathToVictory"],"picked":"FlurryOfBlows","floor":1},{"not_picked":["EmptyBody","Consecrate"],"picked":"SandsOfTime","floor":2},{"not_picked":["Wireheading","ForeignInfluence"],"picked":"EmptyBody","floor":4},{"not_picked":["SandsOfTime","FlyingSleeves"],"picked":"EmptyFist","floor":5},{"not_picked":["FlyingSleeves","Pray","ThirdEye"],"picked":"SKIP","floor":6},{"not_picked":["WindmillStrike","Prostrate"],"picked":"ThirdEye","floor":8},{"not_picked":["CutThroughFate","Tantrum"],"picked":"FearNoEvil","floor":11}],"player_experience":448918,"relics_obtained":[{"floor":6,"key":"Bag of Marbles"},{"floor":9,"key":"InkBottle"}],"event_choices":[{"damage_healed":0,"gold_gain":0,"player_choice":"Bought 3 Potions","damage_taken":0,"max_hp_gain":0,"max_hp_loss":0,"event_name":"The Woman in Blue","floor":3,"gold_loss":0},{"cards_removed":["Strike_P"],"damage_healed":0,"gold_gain":0,"player_choice":"Forget","damage_taken":0,"max_hp_gain":0,"max_hp_loss":0,"event_name":"Living Wall","floor":10,"gold_loss":0}],"is_beta":false,"boss_relics":[],"items_purged_floors":[],"is_endless":false,"potions_floor_spawned":[4,8],"killed_by":"Gremlin Nob","ascension_level":4}