{"gold_per_floor":[117,42,58,58,68,98,98,108,131,131,158,171,171,33,33,128,128,141,66,81,81,92,118,118,137,137,164,164,180,196,225,225,322,322,342,352,352,352,352,95,95,95,95,114,114],"floor_reached":45,"playtime":1321,"items_purged":["Strike_P","Strike_P"],"score":670,"play_id":"636f7884-e6ce-4878-a512-cc32ea8799b0","local_time":"20211212154136","is_ascension_mode":true,"campfire_choices":[{"data":"Eruption","floor":7,"key":"SMITH"},{"data":"Tantrum","floor":10,"key":"SMITH"},{"data":"Wallop","floor":15,"key":"SMITH"},{"data":"Judgement","floor":24,"key":"SMITH"},{"floor":28,"key":"REST"},{"floor":32,"key":"REST"},{"floor":41,"key":"RECALL"}],"neow_cost":"CURSE","seed_source_timestamp":25983512641000,"circlet_count":0,"master_deck":["Strike_P","Defend_P","Defend_P","Defend_P","Eruption+1","Vigilance","DevaForm","Wallop+1","Tantrum+1","FollowUp","SignatureMove","TalkToTheHand+1","Judgement+1","FlurryOfBlows+1","ClearTheMind+1","Injury","WaveOfTheHand+1","Wallop+1","Pain","Shame"],"relics":["PureWater","Bronze Scales","Bag of Marbles","Centennial Puzzle","Molten Egg 2","Cursed Key","Art of War","Pear","Toy Ornithopter","Blood Vial","Snecko Eye","Darkstone Periapt","HornCleat","Mummified Hand"],"potions_floor_usage":[8,11,23,23,31],"damage_taken":[{"damage":7,"enemies":"Cultist","floor":1,"turns":3},{"damage":0,"enemies":"Small Slimes","floor":3,"turns":3},{"damage":4,"enemies":"Jaw Worm","floor":5,"turns":3},{"damage":12,"enemies":"Lagavulin","floor":6,"turns":4},{"damage":0,"enemies":"Large Slime","floor":8,"turns":2},{"damage":0,"enemies":"Gremlin Nob","floor":11,"turns":3},{"damage":0,"enemies":"2 Fungi Beasts","floor":12,"turns":2},{"damage":0,"enemies":"The Guardian","floor":16,"turns":6},{"damage":7,"enemies":"3 Byrds","floor":18,"turns":2},{"damage":19,"enemies":"Chosen","floor":20,"turns":2},{"damage":0,"enemies":"Snake Plant","floor":22,"turns":1},{"damage":9,"enemies":"Book of Stabbing","floor":23,"turns":4},{"damage":1,"enemies":"3 Cultists","floor":25,"turns":3},{"damage":24,"enemies":"Gremlin Leader","floor":27,"turns":3},{"damage":19,"enemies":"Chosen and Byrds","floor":29,"turns":3},{"damage":11,"enemies":"Snake Plant","floor":30,"turns":3},{"damage":9,"enemies":"Book of Stabbing","floor":31,"turns":3},{"damage":9,"enemies":"Collector","floor":33,"turns":5},{"damage":22,"enemies":"3 Darklings","floor":35,"turns":4},{"damage":0,"enemies":"Orb Walker","floor":36,"turns":2},{"damage":45,"enemies":"Transient","floor":44,"turns":5},{"damage":71,"enemies":"Giant Head","floor":45,"turns":6}],"seed_played":"7702950662593271912","potions_obtained":[{"floor":1,"key":"GamblersBrew"},{"floor":3,"key":"AttackPotion"},{"floor":6,"key":"DuplicationPotion"},{"floor":8,"key":"Dexterity Potion"},{"floor":20,"key":"PowerPotion"},{"floor":23,"key":"EssenceOfSteel"},{"floor":30,"key":"DistilledChaos"},{"floor":31,"key":"CultistPotion"}],"is_trial":false,"path_per_floor":["M","$","M","?","M","E","R","M","T","R","E","M","T","$","R","B",null,"M","?","M","?","M","E","R","M","T","E","R","M","M","E","R","B",null,"M","M","?","T","?","$","R","?","T","M","E"],"character_chosen":"WATCHER","items_purchased":["TalkToTheHand+1","HornCleat"],"campfire_rested":2,"item_purchase_floors":[14,40],"current_hp_per_floor":[65,65,65,65,61,49,49,49,49,49,49,49,49,49,49,49,72,65,65,46,51,51,42,42,41,51,27,51,32,21,17,41,34,82,60,62,62,62,62,62,62,62,68,25,0],"gold":114,"neow_bonus":"THREE_RARE_CARDS","is_prod":false,"is_daily":false,"chose_seed":false,"campfire_upgraded":4,"win_rate":0,"timestamp":1639345296,"path_taken":["M","?","M","?","?","E","R","M","T","R","E","M","?","$","R","BOSS","M","?","M","?","M","E","R","?","T","E","R","M","M","E","R","BOSS","M","?","?","?","?","$","R","?","T","?","E"],"build_version":"2020-12-22","purchased_purges":2,"victory":false,"max_hp_per_floor":[72,72,72,72,72,72,72,72,72,72,72,72,72,72,72,72,72,72,72,72,72,72,72,72,72,82,82,82,82,82,82,82,82,82,82,82,82,82,82,82,82,78,84,84,84],"card_choices":[{"not_picked":["Blasphemy","LessonLearned"],"picked":"DevaForm","floor":0},{"not_picked":["EmptyBody","FlyingSleeves"],"picked":"Wallop","floor":1},{"not_picked":["ThirdEye","CrushJoints"],"picked":"Tantrum","floor":3},{"not_picked":["Study","Evaluate"],"picked":"PathToVictory","floor":5},{"not_picked":["Crescendo","Study"],"picked":"FollowUp","floor":6},{"not_picked":["LikeWater","Protect"],"picked":"SignatureMove","floor":8},{"not_picked":["Crescendo","EmptyBody","Alpha"],"picked":"SKIP","floor":11},{"not_picked":["EmptyFist","Halt","FlyingSleeves"],"picked":"SKIP","floor":12},{"not_picked":["ConjureBlade","Establishment"],"picked":"Judgement","floor":16},{"not_picked":["BowlingBash+1","CutThroughFate+1"],"picked":"FlurryOfBlows+1","floor":18},{"not_picked":["EmptyBody","Adaptation","PathToVictory+1"],"picked":"SKIP","floor":20},{"not_picked":["Crescendo","SashWhip+1"],"picked":"ClearTheMind+1","floor":22},{"not_picked":["Protect","BattleHymn","Brilliance+1"],"picked":"SKIP","floor":23},{"not_picked":["SashWhip+1","Protect","Prostrate"],"picked":"SKIP","floor":25},{"not_picked":["Fasting2+1","BowlingBash+1","JustLucky+1"],"picked":"SKIP","floor":27},{"not_picked":["JustLucky+1","Vault"],"picked":"WaveOfTheHand+1","floor":29},{"not_picked":["Indignation","ClearTheMind"],"picked":"Wallop+1","floor":30},{"not_picked":["PathToVictory","ForeignInfluence+1","Omniscience"],"picked":"SKIP","floor":31},{"not_picked":["ClearTheMind","SashWhip+1","BowlingBash+1"],"picked":"SKIP","floor":35},{"not_picked":["Pray+1","InnerPeace","Study"],"picked":"SKIP","floor":36},{"not_picked":["EmptyFist+1","CrushJoints+1","EmptyBody"],"picked":"SKIP","floor":44}],"player_experience":453053,"relics_obtained":[{"floor":6,"key":"Bronze Scales"},{"floor":9,"key":"Bag of Marbles"},{"floor":11,"key":"Centennial Puzzle"},{"floor":13,"key":"Molten Egg 2"},{"floor":23,"key":"Art of War"},{"floor":26,"key":"Pear"},{"floor":27,"key":"Toy Ornithopter"},{"floor":31,"key":"Blood Vial"},{"floor":38,"key":"Darkstone Periapt"},{"floor":43,"key":"Mummified Hand"}],"event_choices":[{"cards_removed":["Injury"],"damage_healed":0,"gold_gain":0,"player_choice":"Removed Curses","damage_taken":0,"max_hp_gain":0,"max_hp_loss":0,"event_name":"Fountain of Cleansing","floor":4,"gold_loss":0},{"cards_removed":["Strike_P"],"damage_healed":0,"gold_gain":0,"player_choice":"Gave Gold","damage_taken":0,"max_hp_gain":0,"max_hp_loss":0,"event_name":"Beggar","floor":19,"gold_loss":75},{"cards_removed":["PathToVictory"],"damage_healed":5,"gold_gain":0,"player_choice":"Offered Common","damage_taken":0,"max_hp_gain":0,"max_hp_loss":0,"event_name":"Bonfire Elementals","floor":21,"gold_loss":0},{"cards_removed":["PathToVictory"],"damage_healed":5,"gold_gain":0,"player_choice":"Offered Special","damage_taken":0,"max_hp_gain":0,"max_hp_loss":0,"event_name":"Bonfire Elementals","floor":21,"gold_loss":0},{"cards_removed":["Defend_P"],"damage_healed":0,"gold_gain":0,"player_choice":"Removed Skill","damage_taken":0,"max_hp_gain":0,"max_hp_loss":0,"event_name":"Falling","floor":37,"gold_loss":0},{"damage_healed":0,"gold_gain":0,"player_choice":"Ignored","damage_taken":0,"max_hp_gain":0,"max_hp_loss":0,"event_name":"Tomb of Lord Red Mask","floor":39,"gold_loss":0},{"damage_healed":0,"gold_gain":0,"player_choice":"Max HP","damage_taken":0,"max_hp_gain":0,"max_hp_loss":4,"event_name":"Winding Halls","floor":42,"gold_loss":0}],"is_beta":false,"boss_relics":[{"not_picked":["VioletLotus","Empty Cage"],"picked":"Cursed Key"},{"not_picked":["Black Star","Tiny House"],"picked":"Snecko Eye"}],"items_purged_floors":[2,14],"is_endless":false,"potions_floor_spawned":[1,3,6,8,20,23,30,31,35,44],"killed_by":"Giant Head","ascension_level":4}